
@book{metscher2009,
  address = {Essen},
  series = {Edition marxistische Bl{\"a}tter},
  title = {Imperialismus und {{Moderne}}. {{Zu}} den {{Bedingungen}} gegenw{\"a}rtiger {{Kunstproduktion}}},
  isbn = {978-3-910080-69-0},
  lccn = {PT405 .M4416 2009},
  shorttitle = {Imperialismus und {{Moderne}}},
  timestamp = {2016-04-04T20:06:50Z},
  number = {104},
  publisher = {{Neue Impulse}},
  author = {Metscher, Thomas},
  year = {2009},
  keywords = {20th century,Capitalism and literature,German literature,Germany,History and criticism,Modernism (Aesthetics),Modernism (Literature)}
}

@article{zahar1973,
  title = {Why {{Did Einstein}}'s {{Programme Supersede Lorentz}}'s? ({{I}})},
  volume = {24},
  issn = {0007-0882},
  shorttitle = {Why {{Did Einstein}}'s {{Programme Supersede Lorentz}}'s?},
  timestamp = {2016-05-22T18:57:21Z},
  number = {2},
  urldate = {2016-05-22},
  journal = {The British Journal for the Philosophy of Science},
  author = {Zahar, Elie},
  year = {1973},
  pages = {95--123},
  file = {JSTOR Full Text PDF:C\:\\Users\\Philipp Schweizer\\OneDrive\\zotero\\storage\\MDZRR78H\\Zahar - 1973 - Why Did Einstein's Programme Supersede Lorentz's .pdf:application/pdf}
}

@book{eisler1972,
  address = {Hildesheim},
  edition = {2., unver{\"a}nd. Nachdr. der Ausg. Berlin 1930},
  series = {Olms-Paperbacks},
  title = {Kant-{{Lexikon}}},
  volume = {2},
  isbn = {3-487-00744-4},
  lccn = {05/PI 2100 K16 (2)},
  language = {de},
  timestamp = {2016-04-20T14:41:38Z},
  publisher = {{Olms}},
  author = {Eisler, Rudolf},
  year = {1972},
  keywords = {Erkenntnistheorie,Kant; Immanuel,Lexikon,Philosophie}
}

@incollection{engels1987,
  address = {Berlin},
  edition = {9},
  title = {Die {{Entwicklung}} des {{Sozialismus}} von der {{Utopie}} zur {{Wissenschaft}}},
  volume = {19},
  timestamp = {2016-03-31T20:11:00Z},
  booktitle = {Marx-{{Engels Werke}}, {{Bd}}. 19},
  publisher = {{Dietz}},
  author = {Engels, Friedrich},
  year = {1987 (1891)}
}

@incollection{baudrillard2008,
  address = {M{\"u}nchen},
  edition = {6},
  title = {Requiem f{\"u}r die {{Medien}}},
  isbn = {978-3-421-05310-7},
  language = {ger},
  timestamp = {2016-03-17T09:45:59Z},
  booktitle = {Kursbuch {{Medienkultur}}: die ma\ss{}geblichen {{Theorien}} von {{Brecht}} bis {{Baudrillard}}},
  publisher = {{Deutsche Verlags-Anstalt}},
  author = {Baudrillard, Jean},
  editor = {Pias, Claus and Vogl, Joseph and Engell, Lorenz and Fahle, Oliver and Neitzel, Britta},
  year = {2008 (1972)},
  keywords = {Geschichte 1935-1990,Kultur,Massenmedien,Medien,Mediengeschichte},
  file = {Table of Contents PDF:C\:\\Users\\Philipp Schweizer\\OneDrive\\zotero\\storage\\KB9FDEVU\\Pias et al. - 2008 - Kursbuch Medienkultur die maßgeblichen Theorien v.pdf:application/pdf}
}

@book{gramsci1992,
  address = {Hamburg},
  title = {Gef{\"a}ngnishefte. {{Bd}}. 4: {{Hefte}} 6-7},
  isbn = {978-3-88619-414-8},
  shorttitle = {Gef{\"a}ngnishefte},
  abstract = {Heft 6, 1930-1932
Heft 7, 1930-1931},
  timestamp = {2016-04-01T12:57:15Z},
  publisher = {{Argument}},
  author = {Gramsci, Antonio},
  editor = {Bochmann, Klaus and Haug, Wolfgang Fritz},
  collaborator = {Jehle, Peter},
  year = {1992}
}

@book{willaschek2015,
  address = {Berlin ;Boston},
  title = {Kant-{{Lexikon}}},
  isbn = {978-3-11-017259-1 978-3-11-044399-8 978-3-11-044401-8},
  timestamp = {2016-05-10T17:05:33Z},
  publisher = {{De Gruyter}},
  editor = {Willaschek, Marcus and Stolzenberg, J{\"u}rgen and Mohr, Georg and Bacin, Stefano},
  collaborator = {H{\"o}wing, Thomas and F{\"o}rster, Eckart},
  year = {2015}
}

@article{tversky1974,
  title = {Judgment under {{Uncertainty}}: {{Heuristics}} and {{Biases}}},
  volume = {185},
  issn = {0036-8075},
  shorttitle = {Judgment under {{Uncertainty}}},
  timestamp = {2016-04-27T19:36:42Z},
  number = {4157},
  urldate = {2016-04-27},
  journal = {Science},
  author = {Tversky, Amos and Kahneman, Daniel},
  year = {1974},
  pages = {1124--1131}
}

@incollection{carl1998,
  address = {Berlin},
  series = {Klassiker auslegen},
  title = {Die transzendentale {{Deduktion}} in der zweiten {{Auflage}}},
  isbn = {978-3-05-005038-6},
  language = {af},
  timestamp = {2016-04-20T14:41:38Z},
  booktitle = {Immanuel {{Kant}}, {{Kritik}} der reinen {{Vernunft}}},
  publisher = {{Akademie Verlag}},
  author = {Carl, Wolfgang},
  editor = {Mohr, Georg and Willaschek, Marcus},
  year = {1998},
  keywords = {Kant; Immanuel,transzendentale Deduktion},
  pages = {189--216},
  file = {Carl 1998 - Die transzendentale Deduktion.pdf:C\:\\Users\\Philipp Schweizer\\OneDrive\\zotero\\storage\\AZZQQI6M\\Carl 1998 - Die transzendentale Deduktion.pdf:application/pdf}
}

@article{stich1985,
  title = {Could man be an irrational animal?},
  volume = {64},
  issn = {0039-7857, 1573-0964},
  doi = {10.1007/BF00485714},
  language = {en},
  timestamp = {2016-05-09T13:27:14Z},
  number = {1},
  urldate = {2016-05-09},
  journal = {Synthese},
  author = {Stich, Stephen P.},
  month = jul,
  year = {1985},
  keywords = {Epistemology,Logic,Metaphysics,Philosophy,Philosophy of Language},
  pages = {115--135},
  file = {Stich - 1985 - Could man be an irrational animal.pdf:C\:\\Users\\Philipp Schweizer\\OneDrive\\zotero\\storage\\9HMMHX8Z\\Stich - 1985 - Could man be an irrational animal.pdf:application/pdf}
}

@article{elliott1998,
  title = {From {{Language}} to {{Medium}}: {{A Small Apology}} for {{Cultural Theory}} as {{Challenge}} to {{Cultural Studies}}},
  volume = {29},
  issn = {0028-6087},
  shorttitle = {From {{Language}} to {{Medium}}},
  timestamp = {2016-03-05T15:01:19Z},
  number = {3},
  urldate = {2016-03-05},
  journal = {New Literary History},
  author = {Elliott, J. E.},
  year = {1998},
  pages = {385--413}
}

@book{nisbett1980,
  address = {Englewood Cliffs, N.J},
  series = {The Century Psychology Series},
  title = {Human {{Inference}}: {{Strategies}} and {{Shortcomings}} of {{Social Judgment}}},
  isbn = {978-0-13-445130-5},
  lccn = {BF311 .N57},
  shorttitle = {Human inference},
  timestamp = {2016-04-30T21:16:42Z},
  publisher = {{Prentice-Hall}},
  author = {Nisbett, Richard E. and Ross, Lee},
  year = {1980},
  keywords = {Cognition,Inference,Judgment},
  annote = {Includes indexes}
}

@incollection{beier1978,
  address = {Berlin},
  title = {Bemerkungen zu {{Gramsci-Verf{\"a}lschungen}} in der {{BRD}}},
  timestamp = {2016-03-17T16:55:23Z},
  booktitle = {Antonio {{Gramsci}} \textendash{} {{Revolution{\"a}r}} und {{Internationalist}}},
  publisher = {{Dietz}},
  author = {Beier, Siegfried},
  editor = {{Akademie f{\"u}r Gesellschaftswissenschaften beim Zentralkomitee der SED, Institut f{\"u}r Internationale Arbeiterbewegung}},
  year = {1978},
  pages = {87--98}
}

@incollection{andreucci1978,
  address = {Berlin},
  title = {Der {{Begriff}} der ,,{{Hegemonie}}`` im {{Denken Antonio Gramscis}}},
  timestamp = {2016-03-17T16:53:09Z},
  booktitle = {Antonio {{Gramsci}} \textendash{} {{Revolution{\"a}r}} und {{Internationalist}}},
  publisher = {{Dietz}},
  author = {Andreucci, Franco},
  editor = {{Akademie f{\"u}r Gesellschaftswissenschaften beim Zentralkomitee der SED, Institut f{\"u}r Internationale Arbeiterbewegung}},
  year = {1978},
  pages = {55--69}
}

@article{levins1968,
  title = {On {{Making Socialism Scientific}}},
  volume = {32},
  copyright = {Copyright \textcopyright{} 1968 S\&S Quarterly, Inc.},
  issn = {00368237},
  doi = {10.2307/40401338},
  timestamp = {2014-06-09T16:45:44Z},
  number = {2},
  journal = {Science \& Society},
  author = {Levins, Richard},
  month = apr,
  year = {1968},
  pages = {129--147}
}

@book{kerr2015,
  title = {How {{Postmodernism Explains Football}} and {{Football Explains Postmodernism}}},
  isbn = {978-1-137-53407-1},
  language = {en},
  timestamp = {2016-05-10T16:40:03Z},
  urldate = {2016-05-10},
  publisher = {{Palgrave Macmillan}},
  author = {Kerr, Robert},
  month = aug,
  year = {2015}
}

@book{weissegger1782,
  title = {Wohlgemeynter {{Unterricht}} f{\"u}r unstudirte {{Layen}}. {{Erstes St{\"u}ck}}, von dem r{\"o}mischen {{Bischoffe}} oder dem {{Pabste}} {\"u}berhaupt},
  timestamp = {2016-06-04T20:28:35Z},
  urldate = {2016-04-27},
  publisher = {{Rudolph Gr{\"a}ffer}},
  author = {Weissegger, Joseph Maria},
  year = {1782},
  file = {[HTML] from google.de:C\:\\Users\\Philipp Schweizer\\OneDrive\\zotero\\storage\\4KQSUHZD\\books.html:;von Weisseneck - 1782 - Wohlgemeynter Unterricht für unstudirte Layen. Ers.pdf:C\:\\Users\\Philipp Schweizer\\OneDrive\\zotero\\storage\\GFHPRI86\\von Weisseneck - 1782 - Wohlgemeynter Unterricht für unstudirte Layen. Ers.pdf:application/pdf}
}

@book{weissegger1785,
  title = {Ankunft und {{Aufenthalt Pius}} des {{VI}}. in {{Wien}}. {{Ein Beytrag}} f{\"u}r k{\"u}nftige {{Geschichtschreiber}}},
  shorttitle = {Pius des {{VI}}. in {{Wien}}},
  timestamp = {2016-06-04T20:30:20Z},
  urldate = {2016-04-27},
  publisher = {{mit Sonnleithnerischen Schriften}},
  author = {Weissegger, Joseph Maria},
  year = {1785},
  file = {[HTML] from google.de:C\:\\Users\\Philipp Schweizer\\OneDrive\\zotero\\storage\\UN5PFAMS\\books.html:}
}

@book{agassi2008,
  address = {New York},
  title = {Philosophy from a {{Skeptical Perspective}}},
  isbn = {978-0-521-89812-6 978-0-521-72639-9},
  lccn = {B837 .A33 2008},
  timestamp = {2016-05-18T21:38:14Z},
  publisher = {{Cambridge University Press}},
  author = {Agassi, Joseph and Meidan, Abraham},
  year = {2008},
  keywords = {Philosophy,Skepticism},
  file = {Agassi und Meidan - 2008 - Philosophy from a Skeptical Perspective.pdf:C\:\\Users\\Philipp Schweizer\\OneDrive\\zotero\\storage\\HVV474TA\\Agassi und Meidan - 2008 - Philosophy from a Skeptical Perspective.pdf:application/pdf}
}

@article{azzara2016,
  title = {Der postmoderne {{Gramsci}}},
  timestamp = {2016-03-06T12:58:24Z},
  urldate = {2016-02-20},
  journal = {junge Welt},
  author = {Azzar{\`a}, Stefano G.},
  month = jan,
  year = {2016},
  pages = {12}
}

@book{poster2007,
  address = {Stanford, Calif},
  edition = {2. {\"u}berarb. u. erw. Auflage},
  title = {Jean {{Baudrillard}}. {{Selected Writings}}},
  isbn = {978-0-8047-4273-3},
  language = {eng},
  timestamp = {2016-03-31T23:47:42Z},
  publisher = {{Stanford University Press}},
  editor = {Poster, Mark},
  year = {2007},
  keywords = {Aufsatzsammlung,Baudrillard; Jean},
  file = {Table of Contents PDF:C\:\\Users\\Philipp Schweizer\\OneDrive\\zotero\\storage\\8GEC2QIK\\Baudrillard und Poster - 2007 - Selected writings.pdf:application/pdf}
}

@article{wullweber2012,
  title = {Hegemoniale {{Strategien}}: {{Das Ringen}} um {{Akzeptanz}} in der politischen {{Governance}} der {{Nanotechnologie}}},
  volume = {40},
  issn = {03400425, 18618588},
  abstract = {Ob sich neue Technologien als Produkte und Anwendungen durchsetzen k\&\#xf6;nnen, h\&\#xe4;ngt stark von ihrer Akzeptanz in der Gesellschaft ab. Am Beispiel der Nanotechnologie wird aufgezeigt, wie in den letzten Jahren um gesellschaftliche Akzeptanz gerungen wurde. Anhand von diskurs- und hegemonietheoretischen Konzepten werden verschiedene Strategien im Diskurs um die Nanotechnologie identifiziert. Die bislang eher positive Stimmung gegen\&\#xfc;ber der Nanotechnologie ist demnach kein Zufall, sondern in nicht unbedeutendem Ma\&\#xdf;e auf erfolgreiche Diskursstrategien zur\&\#xfc;ckzuf\&\#xfc;hren. Whether new technologies can prevail as products and applications strongly depends on their degree of acceptance in society. The struggle for such acceptance is demonstrated in an examination of the recent discourse surrounding nanotechnology. Concepts from the theories of discourse and hegemony are used to identify the various strategies which have been pursued to shape social acceptance. It is no accident that attitudes towards nanotechnology to date have tended to be positive. In no small measure this development is the result of successful discourse strategies.},
  timestamp = {2016-04-20T10:11:37Z},
  number = {1},
  journal = {Leviathan},
  author = {Wullweber, Joscha},
  year = {2012},
  pages = {4--23},
  file = {Wullweber - 2012 - Hegemoniale Strategien Das Ringen um Akzeptanz in.pdf:C\:\\Users\\Philipp Schweizer\\OneDrive\\zotero\\storage\\F438XES9\\Wullweber - 2012 - Hegemoniale Strategien Das Ringen um Akzeptanz in.pdf:application/pdf}
}

@article{brush1974,
  title = {Should the {{History}} of {{Science Be Rated X}}?},
  volume = {183},
  issn = {0036-8075},
  timestamp = {2016-05-23T07:41:48Z},
  number = {4130},
  urldate = {2016-05-23},
  journal = {Science},
  author = {Brush, Stephen G.},
  year = {1974},
  pages = {1164--1172},
  file = {JSTOR Full Text PDF:C\:\\Users\\Philipp Schweizer\\OneDrive\\zotero\\storage\\TPWCBN9E\\Brush - 1974 - Should the History of Science Be Rated X.pdf:application/pdf}
}

@book{kant1998,
  address = {Hamburg},
  series = {Philosophische Bibliothek},
  title = {Kritik der reinen {{Vernunft}}},
  volume = {505},
  isbn = {978-3-7873-1319-8},
  lccn = {12.920.16},
  shorttitle = {{{KrV}}},
  language = {da},
  timestamp = {2016-04-23T14:08:09Z},
  publisher = {{Meiner}},
  author = {Kant, Immanuel},
  editor = {Timmermann, Jens},
  year = {1998},
  keywords = {Idealismus; deutscher,Kant; Immanuel,Kant; KdV,Metaphysik,Philosophie,Philosophie; theoretische}
}

@article{maienschein2008,
  title = {How {{Can History}} of {{Science Matter}} to {{Scientists}}?},
  volume = {99},
  issn = {0021-1753},
  doi = {10.1086/588692},
  abstract = {ABSTRACT History of science has developed into a methodologically diverse discipline, adding greatly to our understanding of the interplay between science, society, and culture. Along the way, one original impetus for the then newly emerging discipline\textemdash{}what George Sarton called the perspective ``from the point of view of the scientist''\textemdash{}dropped out of fashion. This essay shows, by means of several examples, that reclaiming this interaction between science and history of science yields interesting perspectives and new insights for both science and history of science. The authors consequently suggest that historians of science also adopt this perspective as part of their methodological repertoire.},
  timestamp = {2016-05-23T07:41:48Z},
  number = {2},
  urldate = {2016-05-23},
  journal = {Isis},
  author = {Maienschein, Jane and Laubichler, Manfred and Loettgers, Andrea},
  year = {2008},
  pages = {341--349},
  file = {JSTOR Full Text PDF:C\:\\Users\\Philipp Schweizer\\OneDrive\\zotero\\storage\\SW4EKSAP\\Maienschein et al. - 2008 - How Can History of Science Matter to Scientists.pdf:application/pdf}
}

@misc{zotero-null-126,
  title = {The {{Persistence}} of {{Modernism}} | {{Peter J}}. {{Leithart}}},
  abstract = {Modernism keeps surviving its demise.},
  timestamp = {2016-05-10T16:34:08Z},
  urldate = {2016-05-10},
  howpublished = {\url{http://www.firstthings.com/blogs/leithart/2016/05/the-persistence-of-modernism}},
  journal = {First Things},
  file = {Snapshot:C\:\\Users\\Philipp Schweizer\\OneDrive\\zotero\\storage\\QV2Z7D5B\\the-persistence-of-modernism.html:}
}

@incollection{lenin1955,
  address = {Berlin},
  edition = {1},
  title = {Was tun? {{Brennende Fragen}} unserer {{Bewegung}}},
  volume = {5},
  timestamp = {2016-03-30T15:31:52Z},
  booktitle = {Werke {{Bd}}. 5},
  publisher = {{Dietz}},
  author = {Lenin, Wladimir Iljitsch},
  year = {1955 (1902)},
  pages = {355--549}
}

@book{eisler1930,
  address = {Berlin},
  title = {Kant-{{Lexikon}}},
  language = {de},
  timestamp = {2016-04-20T14:41:38Z},
  publisher = {{E.S. Mittler \& Sohn}},
  author = {Eisler, Rudolf},
  editor = {{Helmut Kuhn}},
  year = {1930},
  keywords = {Erkenntnistheorie,Kant; Immanuel,Lexikon,Philosophie}
}

@article{glenn1981,
  title = {Ngugi {{Wa Thiong}}'o and the {{Dilemas}} of the {{Intellectual Elite}} in {{Africa}}: {{A Sociological Perspective}}},
  volume = {8},
  issn = {03768902},
  timestamp = {2016-04-20T08:17:28Z},
  number = {2},
  journal = {English in Africa},
  author = {Glenn, Ian},
  year = {1981},
  pages = {53--66},
  file = {40399035.pdf:C\:\\Users\\Philipp Schweizer\\OneDrive\\zotero\\storage\\RUC8FTDU\\40399035.pdf:application/pdf}
}

@book{gramsci1998,
  address = {Hamburg},
  edition = {1},
  title = {Gef{\"a}ngnishefte. {{Bd}}. 8: {{Hefte}} 16-21},
  volume = {8},
  shorttitle = {Gef{\"a}ngnishefte {{Bd}}. 8},
  timestamp = {2016-04-02T16:58:17Z},
  publisher = {{Argument}},
  author = {Gramsci, Antonio},
  editor = {{Bochmann, Klaus} and Haug, Wolfgang Fritz and Jehle, Peter},
  collaborator = {Graf, Ruedi and Kuck},
  year = {1998}
}

@book{mouffe1979,
  address = {London; Boston},
  title = {Gramsci and {{Marxist}} theory},
  isbn = {978-0-7100-0357-7 978-0-7100-0358-4},
  lccn = {HX288.G7 G73 1979},
  timestamp = {2016-03-06T11:40:49Z},
  publisher = {{Routledge \& Kegan Paul}},
  editor = {Mouffe, Chantal},
  year = {1979},
  keywords = {Gramsci; Antonio,Italien,Kommunismus}
}

@book{hoare1971,
  address = {New York},
  title = {Selections from the {{Prison Notebooks}} of {{Antonio Gramsci}}},
  isbn = {978-0-7178-0397-2 978-0-7178-0270-8},
  shorttitle = {{{SPN}}},
  language = {eng},
  timestamp = {2016-03-06T11:58:31Z},
  publisher = {{International Publishers}},
  editor = {Hoare, Quintin and Smith, Geoffrey Nowell},
  year = {1971},
  keywords = {Gramsci; Antonio}
}

@book{grampp2008,
  address = {Konstanz},
  edition = {1. Aufl},
  series = {Historische Kulturwissenschaft},
  title = {Revolutionsmedien \textendash{} {{Medienrevolutionen}}},
  isbn = {978-3-86764-073-2},
  lccn = {P95.8 .R48 2008},
  timestamp = {2016-03-12T14:21:40Z},
  number = {11},
  publisher = {{UVK Verlagsgesellschaft}},
  editor = {Grampp, Sven and Kirchmann, Kay and Sandl, Marcus and Schl{\"o}gl, Rudolf and Wiebel, Eva},
  year = {2008},
  keywords = {Massenmedien,Medien,Mediengeschichte}
}

@article{simon,
  title = {Gramsci's {{Concept}} of {{Hegemony}}},
  timestamp = {2016-03-06T12:01:14Z},
  number = {M{\"a}rz 1977},
  urldate = {2016-03-06},
  journal = {Marxism Today},
  author = {Simon, Roger},
  keywords = {Gramsci; Antonio,Hegemonie},
  pages = {78--86}
}

@book{kauffmann1994,
  title = {" {{Es}} ist nur ein {{Wien}}!": {{Stadtbeschreibungen}} von {{Wien}} 1700 bis 1873: {{Geschichte}} eines literarischen {{Genres}} der {{Wiener Publizistik}}},
  volume = {29},
  shorttitle = {" {{Es}} ist nur ein {{Wien}}!"},
  timestamp = {2016-04-27T16:04:05Z},
  urldate = {2016-04-27},
  publisher = {{B{\"o}hlau Verlag Wien}},
  author = {Kauffmann, Kai},
  year = {1994},
  file = {Snapshot:C\:\\Users\\Philipp Schweizer\\OneDrive\\zotero\\storage\\Q4TX5UGA\\books.html:}
}

@article{biedermann1983,
  title = {Der {{Ursprung}} der dialektischen {{Logik}} in der ,,{{Kritik}} der reinen {{Vernunft}}`` von {{Immanuel Kant}}},
  volume = {31},
  issn = {0012-1045},
  language = {de},
  timestamp = {2016-04-20T14:41:37Z},
  number = {10},
  journal = {Deutsche Zeitschrift f{\"u}r Philosophie},
  author = {Biedermann, Georg},
  year = {1983},
  keywords = {Dialektik; materialistische,DZfPH,Kant; Immanuel,Kant; KdV,Logik},
  pages = {1184--1198},
  file = {Biedermann - 1983 - Der Ursprung der dialektischen Logik in der „Kriti.pdf:C\:\\Users\\Philipp Schweizer\\OneDrive\\zotero\\storage\\X8SS54VK\\Biedermann - 1983 - Der Ursprung der dialektischen Logik in der „Kriti.pdf:application/pdf}
}

@book{ludwig1995,
  address = {M{\"u}nchen},
  title = {Kant f{\"u}r {{Anf{\"a}nger}}. {{Die Kritik}} der reinen {{Vernunft}}},
  isbn = {3-423-04662-7},
  language = {ger},
  timestamp = {2016-04-20T15:06:43Z},
  publisher = {{Deutscher Taschenbuch Verlag}},
  author = {Ludwig, Ralf},
  year = {1995},
  keywords = {Kant; Immanuel,Kritik der reinen Vernunft},
  file = {Ludwig 1995 - Kant für Anfänger.pdf:C\:\\Users\\Philipp Schweizer\\OneDrive\\zotero\\storage\\UH2IICD9\\Ludwig 1995 - Kant für Anfänger.pdf:application/pdf}
}

@book{cadiero-kaplan2004,
  title = {The {{Literacy Curriculum}} and {{Bilingual Education}}: {{A Critical Examination}}},
  volume = {243},
  shorttitle = {The literacy curriculum and bilingual education},
  timestamp = {2016-04-19T21:35:24Z},
  urldate = {2016-04-19},
  publisher = {{Peter Lang}},
  author = {Cadiero-Kaplan, Karen},
  year = {2004},
  file = {Cadiero-Kaplan - 2004 - The Literacy Curriculum and Bilingual Education A.pdf:C\:\\Users\\Philipp Schweizer\\OneDrive\\zotero\\storage\\HPC9FVKV\\Cadiero-Kaplan - 2004 - The Literacy Curriculum and Bilingual Education A.pdf:application/pdf}
}

@misc{zotero-null-62,
  title = {{{JSTOR}}: {{Search Results}}},
  timestamp = {2016-04-19T20:45:54Z},
  urldate = {2016-04-19},
  howpublished = {\url{http://www.jstor.org/action/doBasicSearch?Query=hegemony+knowledge\&acc=on\&wc=on\&fc=off\&group=test}},
  file = {JSTOR\: Search Results:C\:\\Users\\Philipp Schweizer\\OneDrive\\zotero\\storage\\DS3KNG6T\\doBasicSearch.html:}
}

@book{hoffe2004,
  address = {M{\"u}nchen},
  edition = {4},
  title = {Kants {{Kritik}} der reinen {{Vernunft}}},
  isbn = {3-406-50919-3},
  lccn = {02/CF 5017 H693 (2)},
  language = {de},
  timestamp = {2016-04-20T14:41:38Z},
  publisher = {{C. H. Beck}},
  author = {H{\"o}ffe, Otfried},
  year = {2004},
  keywords = {Kant; Immanuel,Kant; KdV},
  file = {Höffe 2004 - Kants Kritik der reinen Vernunft.pdf:C\:\\Users\\Philipp Schweizer\\OneDrive\\zotero\\storage\\3SBSSPEV\\Höffe 2004 - Kants Kritik der reinen Vernunft.pdf:application/pdf}
}

@incollection{bochmann1991,
  address = {Hamburg},
  edition = {1},
  title = {Chronologie des {{Lebens}} von {{Antonio Gramsci}}},
  timestamp = {2016-04-01T12:55:07Z},
  booktitle = {Antonio {{Gramsci}}. {{Gef{\"a}ngnishefte}}. {{Bd}}. 1. {{Heft}} 1},
  publisher = {{Argument}},
  editor = {Bochmann, Klaus},
  year = {1991 (1930-32)},
  pages = {47--65}
}

@book{weissegger1799,
  title = {Syrach der {{Enkel}}, oder, ein {{Wort}} der {{Wahrheit}} uber die {{Frage}}: haben die frankishen {{Direktoren}} oder der {{Kaiser}} den {{Frieden Deutschlands}} gehindert?.},
  shorttitle = {Syrach der {{Enkel}}, oder, ein {{Wort}} der {{Wahrheit}} uber die {{Frage}}},
  timestamp = {2016-06-04T20:29:15Z},
  urldate = {2016-04-27},
  publisher = {{Dannheimer}},
  author = {Weissegger, Joseph Maria},
  year = {1799},
  file = {[HTML] from google.de:C\:\\Users\\Philipp Schweizer\\OneDrive\\zotero\\storage\\S2PCMVGF\\books.html:}
}

@article{hawley1980,
  title = {Antonio {{Gramsci}}'s {{Marxism}}: {{Class}}, {{State}} and {{Work}}},
  volume = {27},
  issn = {0037-7791},
  shorttitle = {Antonio {{Gramsci}}'s {{Marxism}}},
  doi = {10.2307/800198},
  abstract = {Three things are attempted in this paper: to locate (briefly) Gramsci's Marxism in its historical context; to describe Gramsci's Marxism as an attempt at the creation of a theory of advanced capitalist society, especially in his treatment of the central concepts and/or realities of class, state and work; and to evaluate the limitations of his Marxism as a critical theory of society, specifically his discussion of work, sexuality and technology. The paper develops Gramsci's concepts of the historical bloc, his use of historicism, the importance of organic intellectuals and his concept of hegemony and its relation to the modalities of class rule, and suggests that these are aspects of a stunning and new critical theory of society. His analysis of work, however, was ultimately based on a Taylorist conception of productive technology and of the social relations and organization which necessitated the "regulation" of human (sexual) instincts in the divorce of mind from body, object from subject and, ultimately, theory from practice. This reintroduced through the back door the Hegelian duality between thought and being. I stress the conservative implications of these formulations and conclude that Gramsci's analysis lacked both an holistic discussion of work and a critical analysis of production-as-technique.},
  timestamp = {2016-03-05T14:56:55Z},
  number = {5},
  urldate = {2016-03-05},
  journal = {Social Problems},
  author = {Hawley, James P.},
  year = {1980},
  pages = {584--600}
}

@misc{centerforhistoryandnewmedia,
  title = {Schnelleinstieg},
  timestamp = {2016-05-18T09:34:36Z},
  howpublished = {\url{http://zotero.org/support/quick_start_guide}},
  author = {{Center for History and New Media}},
  annote = {Willkommen bei Zotero!Anhand des Schnelleinstiegs l{\"a}sst sich das Sammeln, Handhaben, Zitieren und Teilen von Quellen erlernen.Vielen Dank, dass Sie Zotero installiert haben.}
}

@article{sloman1996,
  title = {The {{Empirical Case}} for {{Two Systems}} of {{Reasoning}}},
  volume = {119},
  copyright = {(c) 2012 APA, all rights reserved},
  issn = {1939-1455(Electronic);0033-2909(Print)},
  doi = {10.1037/0033-2909.119.1.3},
  abstract = {Distinctions have been proposed between systems of reasoning for centuries. This article distills properties shared by many of these distinctions and characterizes the resulting systems in light of recent findings and theoretical developments. One system is associative because its computations reflect similarity structure and relations of temporal contiguity. The other is "rule based" because it operates on symbolic structures that have logical content and variables and because its computations have the properties that are normally assigned to rules. The systems serve complementary functions and can simultaneously generate different solutions to a reasoning problem. The rule-based system can suppress the associative system but not completely inhibit it. The article reviews evidence in favor of the distinction and its characterization.},
  timestamp = {2016-04-30T21:20:35Z},
  number = {1},
  journal = {Psychological Bulletin},
  author = {Sloman, Steven A.},
  year = {1996},
  keywords = {*Associative Processes,Reasoning},
  pages = {3--22}
}

@book{schwarzmantel2015,
  address = {London; New York},
  series = {The Routledge Guides to the Great Books},
  title = {The {{Routledge Guidebook}} to {{Gramsci}}'s {{Prison Notebooks}}},
  isbn = {978-0-415-71416-7 978-0-415-71417-4},
  lccn = {HX288.G7 S357 2015},
  shorttitle = {Guidebook {{Prison Notebooks}}},
  abstract = {"Gramsci's Prison Notebooks are one of the most important and original sources of modern political philosophy but the Prison Notebooks present great difficulties to the reader. Not originally intended for publication, their fragmentary character and their often cryptic language can mystify readers, leading to misinterpretation of the text. The Routledge Guidebook to Gramsci's Prison Notebooks provides readers with the historical background, textual analysis and other relevant information needed for a greater understanding and appreciation of this classic text. This guidebook: - Explains the arguments presented by Gramsci in a clear and straightforward way, analysing the key concepts of the notebooks. - Situates Gramsci's ideas in the context of his own time, and in the history of political thought demonstrating the innovation and originality of the Prison Notebooks. - Provides critique and analysis of Gramsci's conceptualisation of politics and history (and culture in general), with reference to contemporary (i.e. present-day) examples where relevant. - Examines the relevance of Gramsci in the modern world and discusses why his ideas have such resonance in academic discourse Featuring historical and political examples to illustrate Gramsci's arguments, along with suggestions for further reading, this is an invaluable guide for anyone who wants to engage more fully with The Prison Notebooks"--},
  timestamp = {2016-03-06T13:55:38Z},
  publisher = {{Routledge}},
  author = {Schwarzmantel, John J.},
  year = {2015},
  keywords = {Gramsci; Antonio,Philosophy,Politikwissenschaften},
  file = {Schwarzmantel - 2015 - The Routledge Guidebook to Gramsci's Prison Notebo.pdf:C\:\\Users\\Philipp Schweizer\\OneDrive\\zotero\\storage\\DSEF4JBG\\Schwarzmantel - 2015 - The Routledge Guidebook to Gramsci's Prison Notebo.pdf:application/pdf}
}

@article{gigerenzer1991,
  title = {How to {{Make Cognitive Illusions Disappear}}: {{Beyond}} ``{{Heuristics}} and {{Biases}}''},
  volume = {2},
  issn = {1046-3283, 1479-277X},
  shorttitle = {How to {{Make Cognitive Illusions Disappear}}},
  doi = {10.1080/14792779143000033},
  language = {en},
  timestamp = {2016-05-23T11:37:34Z},
  number = {1},
  urldate = {2016-05-23},
  journal = {European Review of Social Psychology},
  author = {Gigerenzer, Gerd},
  month = jan,
  year = {1991},
  pages = {83--115}
}

@article{harel2016,
  title = {Preaching a {{Post}}-modernist {{Holocaust}}},
  abstract = {The revisionists employed by the institutions for Holocaust education think that what is taught today is 'dogmatic.'},
  language = {en},
  timestamp = {2016-05-10T16:50:36Z},
  urldate = {2016-05-10},
  journal = {Haaretz},
  author = {Harel, Israel},
  month = may,
  year = {2016},
  keywords = {Holocaust,Holocaust studies,Zionism}
}

@book{santucci2010,
  address = {New York},
  title = {Antonio {{Gramsci}}},
  isbn = {978-1-58367-210-5 978-1-58367-211-2},
  lccn = {HX289.7.G73 S2413 2010},
  language = {eng},
  timestamp = {2016-03-06T15:54:31Z},
  publisher = {{Monthly Review Press}},
  author = {Santucci, Antonio A.},
  translator = {{Di Mauro}, Graziella and {Engel-Di Mauro}, Salvatore},
  collaborator = {Hobsbawm, E. J. and Buttigieg, Joseph A. and {La Porta}, Lelio},
  year = {2010},
  keywords = {Gramsci; Antonio,Italien,Kommunismus},
  annote = {"Antonio Gramsci is a giant of Marxian thought and one of the world's greatest cultural critics. Antonio A. Santucci is perhaps the world's preeminent Gramsci scholar. Monthly Review Press is proud to publish, for the first time in English, Santucci's masterful intellectual biography of the great Sardinian scholar and revolutionary. Gramscian terms such as 'civil society' and 'hegemony' are much used in everyday political discourse. Santucci warns us, however, that these words have been appropriated by both radicals and conservatives for contemporary and often self-serving ends that often have nothing to do with Gramsci's purposes in developing them. Rather what we must do, and what Santucci illustrates time and again in his dissection of Gramsci's writings, is absorb Gramsci's methods." -- Publisher description ""This book is a brilliant and stimulating synthesis of Gramsci's life and thought. Students and scholars alike will find it extremely rewarding. Antonio A. Santucci brings to the study of Gramsci a fine historical sensitivity and a rigorous theoretical depth."---Benedetto Fontana, Baruch College, author of Hegemony and Power: On the Relation Between Gramsci and Machiavelli" "Antonio Gramsci is a giant of Marxian thought and one of the world's greatest cultural critics. Antonio A. Santucci was perhaps the world's preeminent Gramsci scholar. Monthly Review Press is proud to publish, for the first time in English, Santucci's masterful intellectual biography of the great Sardinian scholar and revolutionary." "Gramscian terms such as "civil society" and "hegemony" are much used in everyday political discourse. Santucci warns us, however, that these words have been appropriated by both radicals and conservatives for contemporary and often self-serving ends that have nothing to do with Gramsci's purposes in developing them. Rather what we must do, and what Santucci illustrates time and again in his dissection of Gramsci's writings, is absorb Gramsci's methods. These can be summed up as the suspicion of "grand explanatory schemes," the unity of theory and practice, and a focus on the details of everyday life. The rigor of Santucci's examination of Gramsci's life and work matches that of the seminal thought of the master himself."--BOOK JACKET},
  annote = {Introduction --- The political writings --- The letters from prison --- The prison notebooks --- end-of-century Gramsci},
  annote = {"Orignally published as Antonio Gramsci, 1897-1937, by Sellerio editore, Palermo, Italy, c2005"--T.p. verso}
}

@article{schneider2006,
  title = {Gibt es nichtmediale {{Kommunikation}}?},
  language = {de},
  timestamp = {2016-04-14T17:00:44Z},
  number = {44},
  journal = {Zeitschrift f{\"u}r Angewandte Linguistik},
  author = {Schneider, Jan Georg},
  year = {2006},
  keywords = {Faulstich; Werner,Kittler; Friedrich,Kommunikation,Kommunikationsformen,Kommunikationstheorie,Linguistik,McLuhan,Medialität,Mediendefinitionen,Medientheorie,Medium,Performanz,Sandbothe; Mike,Zeichensystem},
  pages = {71--90}
}

@book{agassi2008a,
  address = {Berlin},
  series = {Boston Studies in the Philosophy of Science},
  title = {Science and {{Its History}}: {{A Reassessment}} of the {{Historiography}} of {{Science}}},
  isbn = {978-1-4020-5631-4 978-1-4020-5632-1},
  shorttitle = {Science and {{Its History}}},
  language = {eng},
  timestamp = {2016-05-18T21:41:12Z},
  number = {253},
  publisher = {{Springer}},
  author = {Agassi, Joseph},
  year = {2008},
  keywords = {Science Historiography,Wissenschaftsgeschichtsschreibung,Wissenschaftstheorie},
  file = {Agassi - 2008 - Science and Its History A Reassessment of the His.pdf:C\:\\Users\\Philipp Schweizer\\OneDrive\\zotero\\storage\\MTFXRU9J\\Agassi - 2008 - Science and Its History A Reassessment of the His.pdf:application/pdf}
}

@article{pinnick2000,
  title = {Philosophy of science and history of science: {{A}} troubling interaction},
  volume = {31},
  shorttitle = {Philosophy of science and history of science},
  timestamp = {2016-05-18T12:03:15Z},
  number = {1},
  urldate = {2016-05-18},
  journal = {Journal for General Philosophy of Science},
  author = {Pinnick, Cassandra and Gale, George},
  year = {2000},
  pages = {109--125},
  file = {Pinnick und Gale - 2000 - Philosophy of science and history of science A tr.pdf:C\:\\Users\\Philipp Schweizer\\OneDrive\\zotero\\storage\\G5ZEITA7\\Pinnick und Gale - 2000 - Philosophy of science and history of science A tr.pdf:application/pdf;Snapshot:C\:\\Users\\Philipp Schweizer\\OneDrive\\zotero\\storage\\IBJIP3WD\\A1008353021407.html:}
}

@book{mcluhan1964,
  address = {New York},
  title = {Understanding {{Media}}: {{The Extensions}} of {{Man}}},
  shorttitle = {Understanding {{Media}}},
  timestamp = {2016-03-31T14:52:36Z},
  publisher = {{McGraw-Hill}},
  author = {McLuhan, Marshall},
  year = {1964},
  keywords = {Mass media}
}

@incollection{borzeszkowski1981,
  address = {Berlin},
  title = {Die {{Metaphysizierung}} der {{Physik}}},
  language = {de},
  timestamp = {2016-04-20T14:41:38Z},
  booktitle = {Denkweise und {{Weltanschauung}}.{{Studien}} zur weltanschaulichen und mehtodologischen {{Funktion}} der materialistischen {{Dialektik}}},
  publisher = {{Akademie Verlag}},
  author = {{v. Borzeszkowski}, Horst-Heino and Wahsner, Renate},
  editor = {Horstmann, Hubertus},
  year = {1981},
  keywords = {Kant; Immanuel,Leibniz,marxistisch-leninistische Philosophie,mechanische Naturerkenntnis,Metaphysik,Newton},
  pages = {149--176}
}

@article{stoddart2007,
  title = {Ideology, {{Hegemony}}, {{Discourse}}: {{A Critical Review}} of {{Theories}} of {{Knowledge}} and {{Power}}},
  shorttitle = {Ideology, hegemony, discourse},
  timestamp = {2016-04-19T21:36:36Z},
  urldate = {2016-04-19},
  journal = {Social Thought \& Research},
  author = {Stoddart, Mark CJ},
  year = {2007},
  pages = {191--225},
  file = {23252126.pdf:C\:\\Users\\Philipp Schweizer\\OneDrive\\zotero\\storage\\QWHJKMZ4\\23252126.pdf:application/pdf}
}

@book{cohen1976,
  address = {Dordrecht},
  title = {{{PSA}} 1974 {{Proceedings}} of the 1974 {{Biennial Meeting Philosophy}} of {{Science Association}}},
  isbn = {978-94-010-1449-6},
  shorttitle = {{{PSA}} 1974},
  language = {English},
  timestamp = {2016-05-11T12:23:41Z},
  urldate = {2016-05-11},
  publisher = {{Springer Netherlands}},
  editor = {Cohen, R. S and Hooker, C. A and Michalos, A. C and Evra, J. W},
  year = {1976}
}

@book{krige2006,
  address = {Cambridge, Mass},
  series = {Transformations},
  title = {American {{Hegemony}} and the {{Postwar Reconstruction}} of {{Science}} in {{Europe}}},
  isbn = {978-0-262-11297-0},
  lccn = {Q127.E8 K75 2006},
  timestamp = {2016-05-11T10:35:18Z},
  publisher = {{MIT Press}},
  author = {Krige, John},
  year = {2006},
  keywords = {20th century,1945-,Europe,Foreign relations,History,Science,Technology,United States,wissenschaftsgeschichte,wissenschaftstheorie},
  file = {Krige - 2006 - American Hegemony and the Postwar Reconstruction o.pdf:C\:\\Users\\Philipp Schweizer\\OneDrive\\zotero\\storage\\CN6V5NUG\\Krige - 2006 - American Hegemony and the Postwar Reconstruction o.pdf:application/pdf}
}

@book{gramsci1996,
  address = {Hamburg},
  edition = {1},
  title = {Gef{\"a}ngnishefte. {{Bd}}. 7: {{Hefte}} 12-15},
  volume = {7},
  shorttitle = {Gef{\"a}ngnishefte {{Bd}}. 7},
  abstract = {Heft 12, 1932
Heft 13, 1932-1934
Heft 14, 1932-1935
Heft 15, 11933},
  timestamp = {2016-04-01T14:55:29Z},
  publisher = {{Argument}},
  author = {Gramsci, Antonio},
  editor = {{Bochmann, Klaus} and Haug, Wolfgang Fritz and Jehle, Peter},
  collaborator = {Graf, Ruedi and Kuck},
  year = {1996}
}

@book{gikandi2002,
  address = {Cambridge},
  edition = {Reprinted},
  series = {Cambridge Studies in African and Caribbean Literature},
  title = {Ngugi wa {{Thiong}}'o},
  isbn = {978-0-521-11901-6 978-0-521-48006-2},
  language = {eng},
  timestamp = {2016-04-19T22:15:50Z},
  publisher = {{Cambridge University Press}},
  author = {Gikandi, Simon},
  year = {2002},
  keywords = {Imperialism in literature,Kenya In literature,Ngugi wa Thiong'o,Ngũgĩ wa Thiongʾo Criticism and interpretation,Ngũgı̃ wa Thiong'o Criticism and interpretation},
  annote = {Originally published: 2000 Literaturverz. S. 317 - 324},
  file = {Gikandi_2002_Ngugi wa Thiong'o.pdf:C\:\\Users\\Philipp Schweizer\\OneDrive\\zotero\\storage\\N3RGV2BC\\Gikandi_2002_Ngugi wa Thiong'o.pdf:application/pdf}
}

@article{salamini1974,
  title = {Gramsci and {{Marxist Sociology}} of {{Knowledge}}: an {{Analysis}} of {{Hegemony-Ideology-Knowledge}}},
  volume = {15},
  shorttitle = {Gramsci and {{Marxist Sociology}} of {{Knowledge}}},
  timestamp = {2016-04-19T21:08:58Z},
  number = {3},
  urldate = {2016-04-19},
  journal = {The Sociological Quarterly},
  author = {Salamini, Leonardo},
  year = {1974},
  pages = {359--380},
  file = {Salamini - 1974 - Gramsci and Marxist Sociology of Knowledge an Ana.pdf:C\:\\Users\\Philipp Schweizer\\OneDrive\\zotero\\storage\\2994RJZJ\\Salamini - 1974 - Gramsci and Marxist Sociology of Knowledge an Ana.pdf:application/pdf}
}

@misc{zotero-null-29,
  title = {Besichtigung eines {{Baukastens}}~\textemdash{} {{Phase}} 2},
  timestamp = {2016-03-12T16:16:58Z},
  urldate = {2016-03-12},
  howpublished = {\url{http://phase-zwei.org/hefte/artikel/besichtigung-eines-baukastens-98/}},
  file = {Besichtigung eines Baukastens — Phase 2:C\:\\Users\\Philipp Schweizer\\OneDrive\\zotero\\storage\\R9RG2MS3\\besichtigung-eines-baukastens-98.html:}
}

@incollection{feyerabend1970,
  address = {Minneapolis, Minn},
  series = {Minnesota Studies in the Philosophy of Science},
  title = {Against {{Method}}: {{Outline}} of an {{Anarchistic Theory}} of {{Knowledge}}},
  isbn = {978-0-8166-0591-0},
  language = {eng},
  timestamp = {2016-05-23T20:21:53Z},
  number = {4},
  booktitle = {Analyses of {{Theories}} and {{Methods}} of {{Physics}} and {{Psychology}}: {{Conference}} on the {{Problems}} of {{Correspondence Rules}}. {{Held}} at the {{Minnesota Center}} for {{Philosophy}} of {{Science}} in {{May}} 1966},
  publisher = {{University of Minnesota Press}},
  author = {Feyerabend, Paul K.},
  editor = {Radner, Michael and Winokur, Stephen},
  year = {1970},
  pages = {17--130}
}

@article{boyles2002,
  title = {The challenge to foundations and leadership: {{Critical}} discourse, hegemony, and the power of traditions},
  volume = {37},
  shorttitle = {The challenge to foundations and leadership},
  timestamp = {2016-04-19T21:44:40Z},
  number = {2},
  urldate = {2016-04-19},
  journal = {Journal of Thought},
  author = {Boyles, Deron R. and Davis, Douglas},
  year = {2002},
  pages = {21--32},
  file = {Boyles und Davis - 2002 - The challenge to foundations and leadership Criti.pdf:C\:\\Users\\Philipp Schweizer\\OneDrive\\zotero\\storage\\ZAQE8VEB\\Boyles und Davis - 2002 - The challenge to foundations and leadership Criti.pdf:application/pdf}
}

@misc{zotero-null-16,
  title = {Antonio {{Gramsci}}. {{Revolution{\"a}r}} und {{Internationalist}}. von {{Gramsci}}, {{Antonio}}] {{Akademie}} f{\"u}r {{Gesellschaftswissenschaften}} beim {{ZK}} d. {{SED}}, {{Inst}}. f{\"u}r {{Internation}}. {{Arbeiterbewegung}} ({{Hrsg}}.):: {{Berlin}}., {{Dietz}} - {{Rotes Antiquariat}}},
  shorttitle = {Antonio {{Gramsci}}. {{Revolution{\"a}r}} und {{Internationalist}}. von {{Gramsci}}, {{Antonio}}] {{Akademie}} f{\"u}r {{Gesellschaftswissenschaften}} beim {{ZK}} d. {{SED}}, {{Inst}}. f{\"u}r {{Internation}}. {{Arbeiterbewegung}} ({{Hrsg}}.)},
  abstract = {Jetzt verf{\"u}gbar bei ZVAB.com - Softcover - Berlin., Dietz - 1978 - 108 S. 8\ensuremath{^\circ}, OKart. Mit Beitr. von Harald Neubert, Renzo Martinelli, Georgi Filatow, Franco Andreucci, Guido Zamis und Siegfried Beier. Einbandkanten leicht berieben, Stempel auf Respektblatt und Schnitt, sonst guter Zustand. 300 gr.},
  timestamp = {2016-03-06T10:38:33Z},
  urldate = {2016-03-06},
  howpublished = {\url{http://www.zvab.com/servlet/BookDetailsPL?bi=12287116530}}
}

@book{weissegger1781,
  title = {Beytr{\"a}ge zur {{Schilderung Wiens}}. {{Zweytes B{\"a}ndchen}}},
  volume = {2},
  shorttitle = {Beytr{\"a}ge zur {{Schilderung Wiens}}},
  timestamp = {2016-06-04T20:29:47Z},
  urldate = {2016-04-27},
  author = {Weissegger, Joseph Maria and Riggler, M.},
  year = {1781},
  annote = {Weisseneck hat dieses Buch unter seinem Pseudonym J. Neuberger ver{\"o}ffentlicht.},
  file = {[HTML] from google.de:C\:\\Users\\Philipp Schweizer\\OneDrive\\zotero\\storage\\92KDD88K\\books.html:}
}

@article{hanson1962,
  title = {The {{Irrelevance}} of {{History}} of {{Science}} to {{Philosophy}} of {{Science}} to {{Philosophy}} of {{Science}}},
  volume = {59},
  issn = {0022-362X},
  timestamp = {2016-05-04T15:16:07Z},
  number = {21},
  urldate = {2016-05-04},
  journal = {The Journal of Philosophy},
  author = {Hanson, Norwood Russell},
  year = {1962},
  keywords = {genetic fallacy,genetischer Fehlschluss,history of science,philosophy of science,wissenschaftsgeschichte,wissenschaftstheorie},
  pages = {574--586},
  annote = {
[...] history of science without philosophy of science is blind. (575)
[...] philosophy of science without history of science is empty. (580)
},
  file = {Hanson1962_IrrelevanceHistScietoPhilScie.pdf:C\:\\Users\\Philipp Schweizer\\OneDrive\\zotero\\storage\\5PR2A73T\\Hanson1962_IrrelevanceHistScietoPhilScie.pdf:application/pdf}
}

@article{gooday2008,
  title = {Does {{Science Education Need}} the {{History}} of {{Science}}?},
  volume = {99},
  issn = {0021-1753},
  doi = {10.1086/588690},
  abstract = {ABSTRACT This essay argues that science education can gain from close engagement with the history of science both in the training of prospective vocational scientists and in educating the broader public about the nature of science. First it shows how historicizing science in the classroom can improve the pedagogical experience of science students and might even help them turn into more effective professional practitioners of science. Then it examines how historians of science can support the scientific education of the general public at a time when debates over ``intelligent design'' are raising major questions over the kind of science that ought to be available to children in their school curricula. It concludes by considering further work that might be undertaken to show how history of science could be of more general educational interest and utility, well beyond the closed academic domains in which historians of science typically operate.},
  timestamp = {2016-05-23T07:41:48Z},
  number = {2},
  urldate = {2016-05-23},
  journal = {Isis},
  author = {Gooday, Graeme and Lynch, John M. and Wilson, Kenneth G. and Barsky, Constance K.},
  year = {2008},
  pages = {322--330},
  file = {JSTOR Full Text PDF:C\:\\Users\\Philipp Schweizer\\OneDrive\\zotero\\storage\\WJIDAPUR\\Gooday et al. - 2008 - Does Science Education Need the History of Science.pdf:application/pdf}
}

@article{welton1982,
  title = {Gramsci's contribution to the analysis of public education knowledge},
  timestamp = {2016-04-19T21:50:01Z},
  urldate = {2016-04-19},
  journal = {The Journal of Educational Thought (JET)/Revue de la Pens{\'e}e Educative},
  author = {Welton, Michael},
  year = {1982},
  pages = {140--149},
  file = {Welton - 1982 - Gramsci's contribution to the analysis of public e.pdf:C\:\\Users\\Philipp Schweizer\\OneDrive\\zotero\\storage\\7I888WU6\\Welton - 1982 - Gramsci's contribution to the analysis of public e.pdf:application/pdf}
}

@book{guyer1992,
  address = {Cambridge},
  series = {Cambridge Companions},
  title = {The {{Cambridge Companion}} to {{Kant}}},
  volume = {3},
  isbn = {0-521-36768-9},
  lccn = {02/CF 5017 G988 C1},
  language = {en},
  timestamp = {2016-04-20T15:01:15Z},
  publisher = {{Cambridge University Press}},
  editor = {Guyer, Paul},
  year = {1992},
  keywords = {Immanuel,Kant},
  file = {Guyer (Hg) 1992 - The Cambridge companion to Kant.pdf:C\:\\Users\\Philipp Schweizer\\OneDrive\\zotero\\storage\\A49ZXMZK\\Guyer (Hg) 1992 - The Cambridge companion to Kant.pdf:application/pdf}
}

@book{heck1974,
  series = {Media series},
  title = {The {{Ideological Dimension}} of {{Media Messages}}},
  timestamp = {2016-03-31T19:23:54Z},
  publisher = {{Centre for Contemporary Cultural Studies, University of Birmingham}},
  author = {Heck, M.C.},
  year = {1974}
}

@article{zahar1973a,
  title = {Why {{Did Einstein}}'s {{Programme Supersede Lorentz}}'s? ({{II}})},
  volume = {24},
  issn = {0007-0882},
  shorttitle = {Why {{Did Einstein}}'s {{Programme Supersede Lorentz}}'s?},
  timestamp = {2016-05-22T18:57:21Z},
  number = {3},
  urldate = {2016-05-22},
  journal = {The British Journal for the Philosophy of Science},
  author = {Zahar, Elie},
  year = {1973},
  pages = {223--262},
  file = {JSTOR Full Text PDF:C\:\\Users\\Philipp Schweizer\\OneDrive\\zotero\\storage\\WBC9KHTP\\Zahar - 1973 - Why Did Einstein's Programme Supersede Lorentz's .pdf:application/pdf}
}

@incollection{camargoheck2006,
  address = {London},
  title = {The {{Ideological Dimension}} of {{Media Messages}}},
  isbn = {978-0-415-07906-8},
  language = {eng},
  timestamp = {2016-03-31T19:24:20Z},
  booktitle = {Culture, {{Media}}, {{Language}}: {{Working Papers}} in {{Cultural Studies}}, 1972 - 79},
  publisher = {{Routledge}},
  author = {{Camargo Heck}, Marina},
  editor = {Hall, Stuart and Hobson, Dorothy and Lowe, Andrew and Willis, Paul},
  year = {2006},
  keywords = {Culture,Mass media and culture},
  pages = {110--116},
  file = {Table of Contents PDF:C\:\\Users\\Philipp Schweizer\\OneDrive\\zotero\\storage\\ANX43ZMC\\Hall - 2006 - Culture, media, language working papers in cultur.pdf:application/pdf}
}

@article{osgood1886,
  title = {Scientific {{Socialism}}},
  volume = {1},
  issn = {00323195},
  doi = {10.2307/2139068},
  timestamp = {2014-06-09T16:38:52Z},
  number = {4},
  journal = {Political Science Quarterly},
  author = {Osgood, Herbert L.},
  month = dec,
  year = {1886},
  pages = {560--594}
}

@incollection{gigerenzer2002,
  title = {The {{Adaptive Toolbox}}},
  timestamp = {2016-06-06T19:39:56Z},
  urldate = {2016-06-06},
  booktitle = {Bounded {{Rationality}}: {{The Adaptive Toolbox}}},
  publisher = {{MIT Press}},
  author = {Gigerenzer, Gerd},
  editor = {Gigerenzer, Gerd and Selten, Reinhard},
  year = {2002},
  file = {Gigerenzer - 2002 - The Adaptive Toolbox.pdf:C\:\\Users\\Philipp Schweizer\\OneDrive\\zotero\\storage\\SSXHFSH8\\Gigerenzer - 2002 - The Adaptive Toolbox.pdf:application/pdf}
}

@article{leggewie1987,
  title = {Kulturelle {{Hegemonie}} \textemdash{} {{Gramsci}} und die {{Folgen}}},
  volume = {15},
  issn = {03400425, 18618588},
  timestamp = {2016-04-20T09:09:30Z},
  number = {2},
  journal = {Leviathan},
  author = {Leggewie, Claus},
  year = {1987},
  pages = {285--304},
  file = {Leggewie - 1987 - Kulturelle Hegemonie — Gramsci und die Folgen.pdf:C\:\\Users\\Philipp Schweizer\\OneDrive\\zotero\\storage\\WRZ7FSTR\\Leggewie - 1987 - Kulturelle Hegemonie — Gramsci und die Folgen.pdf:application/pdf}
}

@article{metscher2015,
  title = {Der {{Marxismus}} als {{Theorie}} des {{Gesamtzusammenhangs}}. {{Versuch}} einer kategorialen {{Konkretion}}},
  volume = {7},
  language = {de},
  timestamp = {2016-04-14T17:01:07Z},
  journal = {Aufhebung. Zeitschrift f{\"u}r dialektische Philosophie},
  author = {Metscher, Thomas},
  year = {2015},
  pages = {13--57}
}

@article{morera1989,
  title = {Gramsci's {{Realism}}},
  volume = {53},
  timestamp = {2016-04-19T21:49:37Z},
  number = {4},
  urldate = {2016-04-19},
  journal = {Science \& Society},
  author = {Morera, Esteve},
  year = {1989},
  pages = {459--469},
  file = {Morera - 1989 - Gramsci's Realism.pdf:C\:\\Users\\Philipp Schweizer\\OneDrive\\zotero\\storage\\7Q53W958\\Morera - 1989 - Gramsci's Realism.pdf:application/pdf}
}

@book{neubert2001,
  address = {Hamburg},
  title = {Antonio {{Gramsci}}: {{Hegemonie}} - {{Zivilgesellschaft}} - {{Partei}}: eine {{Einf{\"u}hrung}}},
  isbn = {978-3-87975-820-3},
  shorttitle = {Antonio {{Gramsci}}},
  language = {ger},
  timestamp = {2016-03-06T10:37:27Z},
  publisher = {{VSA-Verl}},
  author = {Neubert, Harald},
  collaborator = {Gramsci, Antonio},
  year = {2001},
  keywords = {Gramsci; Antonio,Marxismus}
}

@book{kuhn1977,
  address = {Chicago; London},
  edition = {1},
  title = {The {{Essential Tension}}: {{Selected Studies}} in {{Scientific Teadition}} and {{Change}}},
  shorttitle = {The {{Essential Tension}}},
  timestamp = {2016-05-23T17:24:27Z},
  publisher = {{University of Chicago Press}},
  author = {Kuhn, Thomas S.},
  year = {1977}
}

@article{adeleke2000,
  title = {Guerilla {{Intellectualism}}: {{Walter A}}. {{Rodney}} and the {{Weapon}} of {{Knowledge}} in the {{Struggle}} for {{Black Liberation}}},
  volume = {35},
  shorttitle = {Guerilla {{Intellectualism}}},
  timestamp = {2016-04-19T21:42:27Z},
  number = {1},
  urldate = {2016-04-19},
  journal = {Journal of Thought},
  author = {Adeleke, Tunde},
  year = {2000},
  pages = {37--59},
  file = {Adeleke - 2000 - Guerilla Intellectualism Walter A. Rodney and the.pdf:C\:\\Users\\Philipp Schweizer\\OneDrive\\zotero\\storage\\85KR59DW\\Adeleke - 2000 - Guerilla Intellectualism Walter A. Rodney and the.pdf:application/pdf}
}

@article{settee2011,
  title = {{{CHAPTER TWENTY-EIGHT}}: {{Indigenous Knowledge}}: {{Multiple Approaches}}},
  volume = {379},
  shorttitle = {{{CHAPTER TWENTY-EIGHT}}},
  timestamp = {2016-04-19T21:38:31Z},
  urldate = {2016-04-19},
  journal = {Counterpoints},
  author = {Settee, Priscilla},
  year = {2011},
  pages = {434--450},
  file = {Settee - 2011 - CHAPTER TWENTY-EIGHT Indigenous Knowledge Multip.pdf:C\:\\Users\\Philipp Schweizer\\OneDrive\\zotero\\storage\\339KFI5J\\Settee - 2011 - CHAPTER TWENTY-EIGHT Indigenous Knowledge Multip.pdf:application/pdf}
}

@article{best1999,
  title = {Debord, {{Cybersituations}}, and the {{Interactive Spectacle}}},
  volume = {28},
  issn = {0049-2426},
  doi = {10.2307/3685437},
  timestamp = {2016-03-05T15:01:19Z},
  number = {3},
  urldate = {2016-03-05},
  journal = {SubStance},
  author = {Best, Steven and Kellner, Douglas},
  year = {1999},
  pages = {129--156}
}

@book{wathiongo2009,
  address = {New York},
  title = {Something {{Torn}} and {{New}}: {{An African Renaissance}}},
  isbn = {978-0-465-00946-6},
  lccn = {DT14 .N48 2009},
  shorttitle = {Something torn and new},
  abstract = {Novelist Ng{\~u}g{\~\i} wa Thiong'o has been a force in African literature for decades: Since the 1970s, when he gave up the English language to commit himself to writing in African languages, his foremost concern has been the critical importance of language to culture. Here, Ngugi explores Africa's historical, economic, and cultural fragmentation by slavery, colonialism, and globalization. Throughout this tragic history, a constant and irrepressible force was Europhonism: the replacement of native names, languages, and identities with European ones. The result was the dismemberment of African memory. Seeking to remember language in order to revitalize it, Ngugi's quest is for wholeness. Wide-ranging, erudite, and hopeful, this book is a cri de coeur to save Africa's cultural future.--From publisher description},
  timestamp = {2016-04-19T22:19:02Z},
  publisher = {{BasicCivitas Books}},
  author = {{wa Thiongʾo}, Ng{\~u}g{\~\i}},
  year = {2009},
  keywords = {Africa,Civilization,Decolonization},
  annote = {Dismembering practices : planting European memory in America -- Re-membering visions -- Memory, restoration, and African renaissance -- From color to social consciousness : South Africa in the black imagination},
  file = {wa Thiongʾo_2009_Something Torn and New.pdf:C\:\\Users\\Philipp Schweizer\\OneDrive\\zotero\\storage\\KWDFE9M7\\wa Thiongʾo_2009_Something Torn and New.pdf:application/pdf}
}

@incollection{mcmullin1976,
  address = {Dordrecht},
  title = {History and {{Philosophy}} of {{Science}}: {{A Marriage}} of {{Convenience}}?},
  isbn = {978-94-010-1449-6},
  language = {English},
  timestamp = {2016-05-11T12:25:21Z},
  urldate = {2016-05-11},
  booktitle = {{{PSA}} 1974. {{Proceedings}} of the 1974 {{Biennial Meeting Philosophy}} of {{Science Association}}},
  publisher = {{Springer Netherlands}},
  author = {McMullin, Ernan},
  editor = {Cohen, R. S and Hooker, C. A and Michalos, A. C and Evra, J. W},
  year = {1976}
}

@book{debord1967,
  address = {Paris},
  edition = {1},
  title = {La {{Soci{\'e}t{\'e}}} du spectacle},
  shorttitle = {Soci{\'e}t{\'e} du spectacle},
  timestamp = {2016-04-07T17:23:13Z},
  publisher = {{Buchet/Chastel}},
  author = {Debord, Guy},
  year = {1967}
}

@article{gordon1990,
  title = {Coping with {{Communicentric Bias}} in {{Knowledge Production}} in the {{Social Sciences}}},
  volume = {19},
  issn = {0013189X},
  doi = {10.2307/1176066},
  timestamp = {2016-04-19T21:37:21Z},
  number = {3},
  urldate = {2016-04-19},
  journal = {Educational Researcher},
  author = {Gordon, Edmund W. and Miller, Fayneese and Rollock, David},
  month = apr,
  year = {1990},
  pages = {14},
  file = {Gordon et al. - 1990 - Coping with Communicentric Bias in Knowledge Produ.pdf:C\:\\Users\\Philipp Schweizer\\OneDrive\\zotero\\storage\\AJWZP4B6\\Gordon et al. - 1990 - Coping with Communicentric Bias in Knowledge Produ.pdf:application/pdf}
}

@misc{zotero-null-129,
  title = {Glossary {{Definition}}: {{Postmodernism}}},
  timestamp = {2016-05-10T16:41:20Z},
  urldate = {2016-05-10},
  howpublished = {\url{http://www.pbs.org/faithandreason/gengloss/postm-body.html}},
  file = {Glossary Definition\: Postmodernism:C\:\\Users\\Philipp Schweizer\\OneDrive\\zotero\\storage\\DD3IHGXM\\postm-body.html:}
}

@incollection{mouffe1979a,
  address = {London; Boston},
  title = {Hegemony and {{Ideology}} in {{Gramsci}}},
  timestamp = {2016-03-06T12:54:04Z},
  booktitle = {Gramsci and {{Marxist}} theory},
  publisher = {{Routledge \& Kegan Paul}},
  author = {Mouffe, Chantal},
  editor = {Mouffe, Chantal},
  year = {1979},
  pages = {168--204}
}

@article{seidler1991,
  title = {Die {{Fakult{\"a}t}} in den {{Zeitstr{\"o}mungen}} des fr{\"u}hen 19. {{Jahrhunderts}}},
  timestamp = {2016-04-27T16:04:05Z},
  urldate = {2016-04-27},
  journal = {Die Medizinische Fakult{\"a}t der Albert-Ludwigs-Universit{\"a}t Freiburg im Breisgau: Grundlagen und Entwicklungen},
  author = {Seidler, Eduard and Seidler, Eduard},
  year = {1991},
  pages = {77--92},
  file = {Snapshot:C\:\\Users\\Philipp Schweizer\\OneDrive\\zotero\\storage\\4HSKJC56\\978-3-662-06665-2_5.html:}
}

@incollection{lenin1955a,
  address = {Berlin},
  edition = {1},
  title = {Ank{\"u}ndigung der {{Redaktion}} der '{{Iskra}}'},
  volume = {4},
  timestamp = {2016-04-11T22:44:09Z},
  booktitle = {Werke {{Bd}}. 4},
  publisher = {{Dietz}},
  author = {Lenin, Wladimir Iljitsch},
  year = {1955 (1900)},
  pages = {348--354}
}

@article{schafer1998,
  title = {Friedrich {{Engels}}: {{Builder}} of {{Closed Systems}}?},
  volume = {62},
  copyright = {Copyright \textcopyright{} 1998 S\&S Quarterly, Inc.},
  issn = {00368237},
  doi = {10.2307/40403685},
  timestamp = {2014-06-09T17:20:35Z},
  number = {1},
  journal = {Science \& Society},
  author = {Sch{\"a}fer, Gert},
  month = apr,
  year = {1998},
  pages = {35--47},
  file = {Schäfer - 1998 - Friedrich Engels Builder of Closed Systems.pdf:C\:\\Users\\Philipp Schweizer\\OneDrive\\zotero\\storage\\QD8ESHNU\\Schäfer - 1998 - Friedrich Engels Builder of Closed Systems.pdf:application/pdf}
}

@book{cohen1976a,
  address = {Dordrecht},
  series = {Boston Studies in the Philosophy of Science},
  title = {{{PSA}} 1974},
  volume = {32},
  isbn = {978-90-277-0648-5 978-94-010-1449-6},
  shorttitle = {{{PSA}} 1974},
  timestamp = {2016-05-11T12:23:19Z},
  urldate = {2016-05-11},
  publisher = {{Springer Netherlands}},
  editor = {Cohen, R. S. and Hooker, C. A. and Michalos, A. C. and {Van Evra}, J. W. and Cohen, Robert S. and Wartofsky, Marx W.},
  year = {1976}
}

@incollection{hoppe1998,
  address = {Berlin},
  series = {Klassiker Auslegen},
  title = {Die transzendentale {{Deduktion}} in der ersten {{Auflage}}},
  volume = {17/18},
  isbn = {978-3-05-005038-6},
  language = {de},
  timestamp = {2016-04-20T15:11:36Z},
  booktitle = {Immanuel {{Kant}}, {{Kritik}} der reinen {{Vernunft}}},
  publisher = {{Akademie Verlag}},
  author = {Hoppe, Hansgeorg},
  editor = {Mohr, Georg and Willaschek, Marcus},
  year = {1998},
  keywords = {Kant; Immanuel,Kritik der reinen Vernunft,transzendentale Deduktion},
  pages = {159--188},
  file = {Hoppe 1998 - Die transzendentale Deduktion.pdf:C\:\\Users\\Philipp Schweizer\\OneDrive\\zotero\\storage\\JE5GIEAG\\Hoppe 1998 - Die transzendentale Deduktion.pdf:application/pdf}
}

@article{lamy2005,
  title = {Hegemony and {{Its Discontents}}: {{A Symposium}}},
  volume = {7},
  shorttitle = {Hegemony and {{Its Discontents}}},
  timestamp = {2016-04-19T21:41:23Z},
  number = {4},
  urldate = {2016-04-19},
  journal = {International Studies Review},
  author = {Lamy, Steven and English, Robert and Smith, Steve},
  year = {2005},
  pages = {525--529},
  file = {Lamy et al. - 2005 - Hegemony and Its Discontents A Symposium.pdf:C\:\\Users\\Philipp Schweizer\\OneDrive\\zotero\\storage\\JP7H2CGP\\Lamy et al. - 2005 - Hegemony and Its Discontents A Symposium.pdf:application/pdf}
}

@book{anderson1979,
  address = {Berlin-West},
  title = {Antonio {{Gramsci}}. {{Eine}} kritische {{W{\"u}rdigung}}},
  isbn = {978-3-921241-45-5},
  shorttitle = {Antonio {{Gramsci}}},
  language = {ger},
  timestamp = {2016-03-08T15:56:20Z},
  publisher = {{Olle \& Wolter}},
  author = {Anderson, Perry},
  year = {1979},
  keywords = {Gramsci; Antonio,Marxismus}
}

@book{wathiongo1987,
  address = {Harare, Zimbabwe},
  title = {Decolonising the mind: the politics of language in {{African}} literature},
  isbn = {978-0-949225-38-2},
  shorttitle = {Decolonising the mind},
  language = {English},
  timestamp = {2016-04-19T22:22:07Z},
  publisher = {{Zimbabwe Pub. House}},
  author = {{wa Thiongʾo}, Ng{\~u}g{\~\i}},
  year = {1987},
  file = {wa Thiongʾo_1987_Decolonising the mind.pdf:C\:\\Users\\Philipp Schweizer\\OneDrive\\zotero\\storage\\2QQJIDK2\\wa Thiongʾo_1987_Decolonising the mind.pdf:application/pdf}
}

@article{sochor1981,
  title = {Was {{Bogdanov Russia}}'s {{Answer}} to {{Gramsci}}?},
  volume = {22},
  timestamp = {2016-04-19T21:46:59Z},
  number = {1},
  urldate = {2016-04-19},
  journal = {Studies in East European Thought},
  author = {Sochor, Zenovia A.},
  year = {1981},
  pages = {59--81},
  file = {Sochor - 1981 - Was Bogdanov Russia's Answer to Gramsci.pdf:C\:\\Users\\Philipp Schweizer\\OneDrive\\zotero\\storage\\TXB6ZKNG\\Sochor - 1981 - Was Bogdanov Russia's Answer to Gramsci.pdf:application/pdf}
}

@book{baudrillard1990,
  address = {Paris},
  series = {Collection Tel},
  title = {Pour une critique de l'{\'e}conomie politique du signe},
  isbn = {978-2-07-029614-9},
  timestamp = {2016-03-17T13:56:18Z},
  number = {12},
  publisher = {{Gallimard}},
  author = {Baudrillard, Jean},
  year = {1990 [1972]}
}

@book{guyer2010,
  address = {Cambridge},
  series = {Cambridge Companions to Philosophy},
  title = {The {{Cambridge Companion}} to {{Kant}}'s {{Critique}} of {{Pure Reason}}},
  isbn = {978-0-521-88386-3},
  language = {eng},
  timestamp = {2016-04-20T15:07:48Z},
  publisher = {{Cambridge University Press}},
  editor = {Guyer, Paul},
  year = {2010},
  keywords = {Immanuel,Kant},
  file = {Guyer (Hg.) 2010 - The Cambridge Companion to the CPR.pdf:C\:\\Users\\Philipp Schweizer\\OneDrive\\zotero\\storage\\8B7C3NVD\\Guyer (Hg.) 2010 - The Cambridge Companion to the CPR.pdf:application/pdf}
}

@incollection{cohen2008,
  address = {Cambridge; New York},
  title = {Can {{Human Irrationality Be Experimentally Demonstraded}}?},
  timestamp = {2016-04-30T11:58:21Z},
  booktitle = {Reasoning. {{Studies}} of {{Human Inference}} and {{Its Foundations}}},
  publisher = {{Cambridge University Press}},
  author = {Cohen, L. Jonathan},
  editor = {Adler, Jonathan E. and Rips, Lance J.},
  year = {2008},
  pages = {136--155}
}

@article{montgomery1994,
  title = {From {{Scientific Socialism}} to {{Political Science}}?},
  copyright = {Copyright \textcopyright{} 1994 International Labor and Working-Class, Inc.},
  issn = {01475479},
  doi = {10.2307/27672171},
  timestamp = {2014-06-09T16:46:35Z},
  number = {46},
  journal = {International Labor and Working-Class History},
  author = {Montgomery, David},
  month = oct,
  year = {1994},
  pages = {63--66}
}

@article{robertson2007,
  title = {Puritans into {{Revolutionaries}}: {{Butler}}'s" {{Hudibras}}" and {{Ratschky}}'s" {{Melchior Striegel}}"},
  shorttitle = {Puritans into {{Revolutionaries}}},
  timestamp = {2016-04-27T16:04:05Z},
  urldate = {2016-04-27},
  journal = {Austrian Studies},
  author = {Robertson, Ritchie},
  year = {2007},
  pages = {17--40}
}

@article{green1993,
  title = {Advanced {{Capitalist Hegemony}} and the {{Significance}} of {{Gramsci}}'s {{Insights}}: {{A Restatement}}},
  shorttitle = {Advanced {{Capitalist Hegemony}} and the {{Significance}} of {{Gramsci}}'s {{Insights}}},
  timestamp = {2016-04-19T21:44:04Z},
  urldate = {2016-04-19},
  journal = {Social and Economic Studies},
  author = {Green, Cecilia},
  year = {1993},
  pages = {175--207},
  file = {Green - 1993 - Advanced Capitalist Hegemony and the Significance .pdf:C\:\\Users\\Philipp Schweizer\\OneDrive\\zotero\\storage\\I5J7VWP5\\Green - 1993 - Advanced Capitalist Hegemony and the Significance .pdf:application/pdf}
}

@book{golding1992,
  title = {Gramsci's {{Democratic Theory}}: {{Contributions}} to a {{Post-Liberal Democracy}}},
  shorttitle = {Gramsci's democratic theory},
  timestamp = {2016-04-19T21:48:07Z},
  urldate = {2016-04-19},
  publisher = {{University of Toronto Press}},
  author = {Golding, Sue},
  year = {1992},
  file = {Golding - 1992 - Gramsci's Democratic Theory Contributions to a Po.pdf:C\:\\Users\\Philipp Schweizer\\OneDrive\\zotero\\storage\\XIJ7Q6NN\\Golding - 1992 - Gramsci's Democratic Theory Contributions to a Po.pdf:application/pdf}
}

@incollection{langemeyer2009,
  address = {Wiesbaden},
  title = {Antonio {{Gramsci}}: {{Hegemonie}}, {{Politik}} des {{Kulturellen}}, geschichtlicher {{Block}}},
  timestamp = {2016-03-06T13:51:54Z},
  booktitle = {Schl{\"u}sselwerke der {{Cultural Studies}}},
  publisher = {{VS Verlag f{\"u}r Sozialwissenschaften}},
  author = {Langemeyer, Ines},
  editor = {Hepp, Andreas and Krotz, Friedrich and Thomas, Tanja},
  year = {2009},
  pages = {72--82}
}

@incollection{marx1961,
  address = {Berlin},
  edition = {1},
  title = {Zur {{Kritik}} der {{Politischen {\"O}konomie}}},
  volume = {13},
  timestamp = {2016-03-31T14:15:51Z},
  booktitle = {Marx-{{Engels-Werke}}, {{Bd}}. 13},
  publisher = {{Dietz}},
  author = {Marx, Karl},
  year = {1961 (1859)},
  pages = {7--11}
}

@article{gause2008,
  title = {Chapter 1: {{Integration Matters}}},
  volume = {337},
  issn = {1058-1634},
  shorttitle = {Chapter 1},
  timestamp = {2016-03-05T15:03:46Z},
  urldate = {2016-03-05},
  journal = {Counterpoints},
  author = {Gause, C. P.},
  year = {2008},
  pages = {15--36},
  annote = {
The Frankfurt School of 'critical theory' was regarded by orthodox Marxists as 'revisionist' partly because of its criticism of economics and crude materialism, and partly because of its eclecticism. In media theory it is important for offering the first Marxist attempt to theorize about the media (Gurevitch et al., 1982, p. 8). However, it provided no real way forward for the study of the mass media.
}
}

@article{cohen1981,
  title = {Can {{Human Irrationality Be Experimentally Demonstrated}}?},
  volume = {4},
  issn = {1469-1825},
  doi = {10.1017/S0140525X00009092},
  abstract = {The object of this paper is to show why recent research in the psychology of deductive and probabilistic reasoning does not have "bleak implications for human rationality," as has sometimes been supposed. The presence of fallacies in reasoning is evaluated by referring to normative criteria which ultimately derive their own credentials from a systematisation of the intuitions that agree with them. These normative criteria cannot be taken, as some have suggested, to constitute a part of natural science, nor can they be established by metamathematical proof. Since a theory of competence has to predict the very same intuitions, it must ascribe rationality to ordinary people.Accordingly, psychological research on this topic falls into four categories. In the first, experimenters investigate conditions under which their subjects suffer from genuine cognitive illusions. The search for explanations of such performance errors may then generate hypotheses about the ways in which the relevant information-processing mechanisms operate. In the second category, experimenters investigate circumstances in which their subjects exhibit mathematical or scientific ignorance: these are tests of the subjects' intelligence or education. In the third and fourth categories, experimenters impute a fallacy where none exists, either because they are applying the relevant normative criteria in an inappropriate way or because the normative criteria being applied are not the appropriate ones.},
  timestamp = {2016-04-27T19:51:22Z},
  number = {03},
  urldate = {2016-04-27},
  journal = {Behavioral and Brain Sciences},
  author = {Cohen, L. Jonathan},
  month = sep,
  year = {1981},
  pages = {317--331},
  file = {Cambridge Journals Snapshot:C\:\\Users\\Philipp Schweizer\\OneDrive\\zotero\\storage\\BZIS98HW\\displayAbstract.html:}
}

@incollection{sturm2015,
  address = {Berlin},
  title = {Naturwissenschaft},
  volume = {2},
  timestamp = {2016-05-10T17:18:44Z},
  booktitle = {Kant-{{Lexikon}}},
  publisher = {{De Gruyter}},
  author = {Sturm, Thomas and {De Bianchi}, Silvia},
  editor = {Willaschek, Marcus and Stolzenberg, J{\"u}rgen and Mohr, Georg},
  year = {2015},
  pages = {1643--1650}
}

@article{faulstich2011,
  title = {Aufkl{\"a}rung \textendash{} {{Der Zugang}} zum {{Wissen}} und die {{Macht}} seines {{Gebrauchs}}},
  volume = {24},
  timestamp = {2016-04-19T22:04:15Z},
  number = {2},
  urldate = {2016-04-19},
  journal = {Report Zeitschrift f{\"u}r Weiterbildungsforschung},
  author = {Faulstich, Peter},
  year = {2011},
  pages = {15--22},
  file = {Faulstich - 2011 - Aufklärung – Der Zugang zum Wissen und die Macht s.pdf:C\:\\Users\\Philipp Schweizer\\OneDrive\\zotero\\storage\\VUXA8N8K\\Faulstich - 2011 - Aufklärung – Der Zugang zum Wissen und die Macht s.pdf:application/pdf}
}

@article{williams2016,
  title = {Trump and the postmodernists' political legacy},
  issn = {0190-8286},
  abstract = {In her May 1 Sunday Opinion commentary, ``Hairdressers vs. statesmen,'' Danielle Allen condemned Republican presidential candidate Donald Trump for talking as if ``the Western tradition amounts to no mor...},
  language = {en-US},
  timestamp = {2016-05-10T16:42:31Z},
  urldate = {2016-05-10},
  journal = {The Washington Post},
  author = {Williams, David R.},
  month = may,
  year = {2016},
  file = {Washington Post Snapshot:C\:\\Users\\Philipp Schweizer\\OneDrive\\zotero\\storage\\SZWRV9WC\\ed9f91ec-109c-11e6-a9b5-bf703a5a7191_print.html:}
}

@book{gigerenzer2002a,
  title = {Bounded {{Rationality}}: {{The Adaptive Toolbox}}},
  shorttitle = {Bounded {{Rationality}}},
  timestamp = {2016-06-06T19:35:08Z},
  urldate = {2016-06-06},
  publisher = {{MIT Press}},
  editor = {Gigerenzer, Gerd and Selten, Reinhard},
  year = {2002},
  file = {Gigerenzer & Selten (eds.) 2002 - Bounded Rationality. The Adaptive Toolbox.pdf:C\:\\Users\\Philipp Schweizer\\OneDrive\\zotero\\storage\\C5HXDXKQ\\Gigerenzer & Selten (eds.) 2002 - Bounded Rationality. The Adaptive Toolbox.pdf:application/pdf;Snapshot:C\:\\Users\\Philipp Schweizer\\OneDrive\\zotero\\storage\\JGTHDWHS\\books.html:}
}

@misc{zotero-null-127,
  title = {How {{Postmodernism Explains Football}} | {{And Football Explains Postmodernism}}: {{The Billy Clyde Conundrum}}},
  shorttitle = {How {{Postmodernism Explains Football}} | {{And Football Explains Postmodernism}}},
  timestamp = {2016-05-10T16:37:36Z},
  urldate = {2016-05-10},
  file = {Snapshot:C\:\\Users\\Philipp Schweizer\\OneDrive\\zotero\\storage\\647FJFNM\\okla3r.com.html:}
}

@book{gramsci1994,
  address = {Hamburg},
  title = {Gef{\"a}ngnishefte. {{Bd}}. 6: {{Hefte}} 10-11},
  isbn = {978-3-88619-416-2},
  shorttitle = {Gef{\"a}ngnishefte},
  abstract = {Heft 10, 1932-1935
Heft 11, 1932-1933},
  timestamp = {2016-04-01T12:58:06Z},
  publisher = {{Argument}},
  author = {Gramsci, Antonio},
  editor = {{Bochmann, Klaus} and Haug, Wolfgang Fritz},
  year = {1994}
}

@book{wathiongo1993,
  address = {London : Portsmouth, N.H},
  series = {Studies in African literature},
  title = {Moving the {{Centre}}: {{The Struggle}} for {{Cultural Freedoms}}},
  isbn = {978-0-85255-530-9 978-0-435-08079-2},
  lccn = {PL8010 .N485 1993},
  shorttitle = {Moving the centre},
  language = {eng},
  timestamp = {2016-04-19T22:12:39Z},
  publisher = {{J. Currey ; Heinemann}},
  author = {{wa Thiongʾo}, Ng{\~u}g{\~\i}},
  year = {1993},
  keywords = {20th century,African literature,European influences,History and criticism},
  annote = {A collection of talks and essays, created between 1980 and 1992, and translated from Kikuyu by the author Includes index},
  file = {wa Thiongʾo_1993_Moving the Centre.pdf:C\:\\Users\\Philipp Schweizer\\OneDrive\\zotero\\storage\\5FG4EGSJ\\wa Thiongʾo_1993_Moving the Centre.pdf:application/pdf}
}

@incollection{forster1998,
  address = {Berlin},
  series = {Klassiker Auslegen},
  title = {Die {{Vorreden}}},
  volume = {17/18},
  isbn = {978-3-05-005038-6},
  language = {de},
  timestamp = {2016-04-20T15:17:13Z},
  booktitle = {Immanuel {{Kant}}, {{Kritik}} der reinen {{Vernunft}}},
  publisher = {{Akademie Verlag}},
  author = {F{\"o}rster, Eckart},
  editor = {Mohr, Georg and Willaschek, Marcus},
  year = {1998},
  keywords = {Kant; Immanuel,Kritik der reinen Vernunft,transzendentale Deduktion},
  pages = {37--55},
  file = {(KrV-Klassiker-Auslegen)-03-Förster-Die-Vorreden.pdf:C\:\\Users\\Philipp Schweizer\\OneDrive\\zotero\\storage\\73QGSVK4\\(KrV-Klassiker-Auslegen)-03-Förster-Die-Vorreden.pdf:application/pdf}
}

@article{murphy1985,
  title = {The {{Role}} of {{Theories}} in {{Conceptual Coherence}}},
  volume = {92},
  copyright = {(c) 2012 APA, all rights reserved},
  issn = {1939-1471(Electronic);0033-295X(Print)},
  doi = {10.1037/0033-295X.92.3.289},
  abstract = {In order to answer the question of what makes a concept coherent (what makes its members form a comprehensible class), accounts based on similarity, features correlations, and various theories of categorization are reviewed. In general, the similarity-based approach is seen to require a minimum of conceptual organization and relations, whereas the theory-based approach emphasizes both. It is concluded that each theory provides an inadequate account of conceptual coherence (or no account at all), because none provides enough constraints on possible concepts. The authors propose that concepts are coherent to the extent that they fit people's background knowledge or naive theories about the world. These theories help to relate the concepts in a domain and to structure the attributes that are internal to a concept. Evidence of the influence of theories on various conceptual tasks is presented, and the possible importance of theories in cognitive development is discussed. (109 ref)},
  timestamp = {2016-04-30T21:24:00Z},
  number = {3},
  journal = {Psychological Review},
  author = {Murphy, Gregory L. and Medin, Douglas L.},
  year = {1985},
  keywords = {*Classification (Cognitive Process),*Concepts,*Theories,Cognitive Development},
  pages = {289--316},
  file = {Murphy und Medin - 1985 - The Role of Theories in Conceptual Coherence.pdf:C\:\\Users\\Philipp Schweizer\\OneDrive\\zotero\\storage\\UXH7GJ8X\\Murphy und Medin - 1985 - The Role of Theories in Conceptual Coherence.pdf:application/pdf}
}

@book{mohr1998,
  address = {Berlin},
  series = {Klassiker Auslegen},
  title = {Immanuel {{Kant}}, {{Kritik}} der reinen {{Vernunft}}},
  volume = {17/18},
  isbn = {978-3-05-005038-6},
  lccn = {/},
  language = {da},
  timestamp = {2016-04-20T15:04:52Z},
  publisher = {{Akademie Verlag}},
  editor = {Mohr, Georg and Willaschek, Marcus and H{\"o}ffe, Otfried},
  year = {1998},
  keywords = {Auflage,Deduktion,Einleitung,Vernunft}
}

@incollection{ruchatz2008,
  address = {Konstanz},
  edition = {1. Aufl},
  series = {Historische Kulturwissenschaft},
  title = {Lenins {{Medienrevolution}} als {{Exempel}}. {{Eine}} medientheoretische {{Klarstellung}}},
  isbn = {978-3-86764-073-2},
  lccn = {P95.8 .R48 2008},
  timestamp = {2016-03-12T14:23:42Z},
  number = {11},
  booktitle = {Revolutionsmedien \textendash{} {{Medienrevolutionen}}},
  publisher = {{UVK Verlagsgesellschaft}},
  author = {Ruchatz, Jens},
  editor = {Grampp, Sven and Kirchmann, Kay and Sandl, Marcus and Schl{\"o}gl, Rudolf and Wiebel, Eva},
  year = {2008},
  keywords = {Massenmedien,Medien,Mediengeschichte,Revolutionen},
  pages = {325--346},
  annote = {Papers from a conference held 25-28 May 2005 at Universita\"t Konstanz}
}

@incollection{lenin1975,
  address = {Berlin},
  edition = {7},
  title = {Der {{Imperialismus}} und die {{Spaltung}} des {{Sozialismus}}},
  volume = {23},
  timestamp = {2016-04-04T17:55:17Z},
  booktitle = {Werke {{Bd}}. 23},
  publisher = {{Dietz}},
  author = {Lenin, Wladimir Iljitsch},
  year = {1975 (1916)},
  pages = {102--118}
}

@book{radner1970,
  address = {Minneapolis, Minn},
  series = {Minnesota studies in the philosophy of science},
  title = {Analyses of theories and methods of physics and psychology: [{{Conference}} on the {{Problems}} of {{Correspondence Rules}} held at the {{Minnesota Center}} for {{Philosophy}} of {{Science}} in {{May}} 1966]},
  isbn = {978-0-8166-0591-0},
  shorttitle = {Analyses of theories and methods of physics and psychology},
  language = {eng},
  timestamp = {2016-05-23T18:52:19Z},
  number = {4},
  publisher = {{Univ. of Minnesota Press}},
  editor = {Radner, Michael and Winokur, Stephen},
  year = {1970},
  annote = {Literaturangaben}
}

@article{holz1971,
  title = {Wissenschaftspluralismus \textemdash{} ein unsinniger {{Begriff}}},
  timestamp = {2016-03-12T08:01:29Z},
  journal = {DUZ/HD},
  author = {Holz, Hans Heinz},
  year = {1971},
  pages = {765}
}

@article{dias1999,
  title = {Ethnomathematics vs. epistemological hegemony},
  volume = {19},
  timestamp = {2016-04-19T21:39:55Z},
  number = {3},
  urldate = {2016-04-19},
  journal = {For the Learning of Mathematics},
  author = {Dias, Ana},
  year = {1999},
  pages = {23--26},
  file = {Dias - 1999 - Ethnomathematics vs. epistemological hegemony.pdf:C\:\\Users\\Philipp Schweizer\\OneDrive\\zotero\\storage\\FVVDZGT4\\Dias - 1999 - Ethnomathematics vs. epistemological hegemony.pdf:application/pdf}
}

@incollection{becker2010,
  address = {Berlin},
  title = {Siebenpfeiffer, {{Philipp Jakob}}},
  volume = {24},
  timestamp = {2016-06-04T13:31:54Z},
  booktitle = {Neue deutsche {{Biographie}}. {{Bd}}. 24 {{Schwarz}} \textendash{} {{Stader}}},
  publisher = {{Duncker \& Humblot}},
  author = {Becker, Bernhard},
  editor = {{zu Stolberg-Wernigerode}, Otto},
  year = {2010},
  file = {Becker - 2010 - Siebenpfeiffer, Philipp Jakob.pdf:C\:\\Users\\Philipp Schweizer\\OneDrive\\zotero\\storage\\M4J7EHD9\\Becker - 2010 - Siebenpfeiffer, Philipp Jakob.pdf:application/pdf}
}

@article{hawthorne2005,
  title = {Degree-of-{{Belief}} and {{Degree}}-of-{{Support}}: {{Why Bayesians Need Both Notions}}},
  volume = {114},
  issn = {0026-4423},
  shorttitle = {Degree-of-{{Belief}} and {{Degree}}-of-{{Support}}},
  abstract = {I argue that Bayesians need two distinct notions of probability. We need the usual degree-of-belief notion that is central to the Bayesian account of rational decision. But Bayesians also need a separate notion of probability that represents the degree to which evidence supports hypotheses. Although degree-of-belief is well suited to the theory of rational decision, Bayesians have tried to apply it to the realm of hypothesis confirmation as well. This double duty leads to the problem of old evidence, a problem that, we will see, is much more extensive than usually recognized. I will argue that degree-of-support is distinct from degree-of-belief, that it is not just a kind of counterfactual degree-of-belief, and that it supplements degree-of-belief in a way that resolves the problems of old evidence and provides a richer account of the logic of scientific inference and belief.},
  timestamp = {2016-05-23T07:01:44Z},
  number = {454},
  urldate = {2016-05-23},
  journal = {Mind},
  author = {Hawthorne, James},
  year = {2005},
  pages = {277--320},
  file = {Hawthorne - 2005 - Degree-of-Belief and Degree-of-Support Why Bayesi.pdf:C\:\\Users\\Philipp Schweizer\\OneDrive\\zotero\\storage\\IIRNNKUT\\Hawthorne - 2005 - Degree-of-Belief and Degree-of-Support Why Bayesi.pdf:application/pdf}
}

@book{weissegger1791,
  title = {Sammlung verschiedener {{Abhandlungen}} {\"u}ber einige vorz{\"u}gliche {{Gegenst{\"a}nde}} der {{Weltweisheit}}: aus den {{Schriften}} der besten {{Philosophen}}},
  shorttitle = {Sammlung verschiedener {{Abhandlungen}} {\"u}ber einige vorz{\"u}gliche {{Gegenst{\"a}nde}} der {{Weltweisheit}}},
  timestamp = {2016-06-04T20:30:45Z},
  publisher = {{Sonnleithner}},
  author = {Weissegger, Joseph Maria},
  year = {1791}
}

@incollection{kuhn1977a,
  address = {Chicago; London},
  edition = {1},
  title = {The {{Relations}} between the {{History}} and the {{Philosophy}} of {{Science}}},
  timestamp = {2016-05-23T17:24:21Z},
  booktitle = {The {{Essential Tension}}: {{Selected Studies}} in {{Scientific Teadition}} and {{Change}}},
  publisher = {{University of Chicago Press}},
  author = {Kuhn, Thomas S.},
  year = {1977},
  pages = {3--20}
}

@book{condillac1791,
  address = {Wien},
  title = {Abhandlung {\"u}ber die {{Empfindungen}}},
  timestamp = {2016-06-04T20:28:02Z},
  author = {{de Condillac}, Etienne Bonnot},
  translator = {Weissegger, Joseph Maria},
  year = {1791},
  keywords = {Empfindung,Wahrnehmung},
  file = {Abhandlung über die Empfindungen - BSB-Katalog:C\:\\Users\\Philipp Schweizer\\OneDrive\\zotero\\storage\\UCA59JM7\\singleHit.html:}
}

@article{mendel1966,
  title = {The {{Rise}} and {{Fall}} of "{{Scientific Socialism}}"},
  volume = {45},
  copyright = {Copyright \textcopyright{} 1966 Council on Foreign Relations},
  issn = {00157120},
  doi = {10.2307/20039216},
  timestamp = {2014-06-09T16:40:52Z},
  number = {1},
  journal = {Foreign Affairs},
  author = {Mendel, Arthur P.},
  month = oct,
  year = {1966},
  pages = {98--111}
}

@incollection{lenin1978,
  address = {Berlin},
  edition = {6},
  title = {Der {{Reformismus}} in der russischen {{Sozialdemokratie}}},
  timestamp = {2016-04-11T22:58:31Z},
  booktitle = {Werke {{Bd}}. 17},
  publisher = {{Dietz}},
  author = {Lenin, Wladimir Iljitsch},
  year = {1978 (1911)},
  pages = {216--229}
}

@article{pickard2015,
  title = {Media {{Activism}} from {{Above}} and {{Below}}: {{Lessons}} from the 1940s {{American Reform Movement}}},
  volume = {5},
  issn = {2158-3897},
  shorttitle = {Media {{Activism}} from {{Above}} and {{Below}}},
  doi = {10.5325/jinfopoli.5.2015.0109},
  abstract = {The 1940s was a contentious decade for US media policy. Activists, policymakers, and communication industries grappled over media's normative foundations and regulatory guidelines. At this time, a reform agenda was taking shape at both the grassroots social movement level and inside elite policy circles. This paper examines the tensions within this nascent media reform movement, many of which are still negotiated among media activists today. By recovering contingency and conflict, this research sheds light on larger paradigmatic shifts. It suggests that despite significant reform activism in the 1940s, a commercial, self-regulated media system emerged largely inoculated against further structural challenges. The failures of this reform movement hold important lessons for contemporary activists.},
  timestamp = {2016-03-05T14:54:19Z},
  urldate = {2016-03-05},
  journal = {Journal of Information Policy},
  author = {Pickard, Victor},
  year = {2015},
  pages = {109--128}
}

@incollection{lenin1955b,
  address = {Berlin},
  edition = {1},
  title = {Womit beginnen?},
  volume = {5},
  timestamp = {2016-03-30T15:32:04Z},
  booktitle = {Werke {{Bd}}. 5},
  publisher = {{Dietz}},
  author = {Lenin, Wladimir Iljitsch},
  year = {1955 (1901)},
  pages = {1--13}
}

@incollection{enzensberger2008,
  address = {M{\"u}nchen},
  edition = {6},
  title = {Baukasten zu einer {{Theorie}} der {{Medien}}},
  isbn = {978-3-421-05310-7},
  language = {ger},
  timestamp = {2016-03-31T15:23:18Z},
  booktitle = {Kursbuch {{Medienkultur}}: die ma\ss{}geblichen {{Theorien}} von {{Brecht}} bis {{Baudrillard}}},
  publisher = {{Deutsche Verlags-Anstalt}},
  author = {Enzensberger, Hans Magnus},
  editor = {Pias, Claus and Vogl, Joseph and Engell, Lorenz and Fahle, Oliver and Neitzel, Britta},
  year = {2008 (1970)},
  keywords = {Geschichte 1935-1990,Kultur,Massenmedien,Medien,Mediengeschichte},
  pages = {264--268}
}

@article{nieto-galan2011,
  title = {Antonio {{Gramsci Revisited}}: {{Historians}} of {{Science}}, {{Intellectuals}}, and the {{Struggle}} for {{Hegemony}}},
  volume = {49},
  issn = {0073-2753, 1753-8564},
  shorttitle = {Antonio {{Gramsci Revisited}}},
  doi = {10.1177/007327531104900404},
  language = {en},
  timestamp = {2016-04-20T08:48:54Z},
  number = {4},
  urldate = {2016-04-20},
  journal = {History of Science},
  author = {Nieto-Galan, Agust{\'\i}},
  month = dec,
  year = {2011},
  pages = {453--478},
  annote = {Blick auf die Endnoten zeigt, dass dieser Artikel einen breiten Bogen schl{\"a}gt. Er verkn{\"u}pft die STS und ihre Stars (Fuller, Shapin, etc.) mit Gramsci. Der Link scheint vor allem in den marxistischen Wurzeln der STS zu bestehen. D.i. der Marxismus in England der Nachkriegszeit, der ja auch den Ausgangspunkt f{\"u}r die Cultural Studies bildet.},
  file = {Nieto-Galan - 2011 - Antonio Gramsci Revisited Historians of Science, .pdf:C\:\\Users\\Philipp Schweizer\\OneDrive\\zotero\\storage\\6X6IJDCV\\Nieto-Galan - 2011 - Antonio Gramsci Revisited Historians of Science, .pdf:application/pdf}
}

@incollection{kellner2015,
  title = {Jean {{Baudrillard}}},
  timestamp = {2016-03-13T10:54:58Z},
  booktitle = {The {{Stanford Encyclopedia}} of {{Philosophy}}},
  author = {Kellner, Douglas},
  collaborator = {Zalta, Edward N.},
  month = nov,
  year = {2015}
}

@book{raetzsch2009,
  address = {Berlin},
  series = {Berliner Schriften zur Medienwissenschaft},
  title = {Wider die {{Simulation}}: {{Medien}} und symbolischer {{Tausch}}. {{Revisionen}} zum {{Fr{\"u}hwerk Jean Baudrillards}}},
  isbn = {978-3-7983-2132-8},
  shorttitle = {Wider die {{Simulation}}},
  language = {de},
  timestamp = {2016-03-24T11:24:44Z},
  number = {1},
  publisher = {{Verlag der TU Berlin}},
  author = {Raetzsch, Christoph},
  year = {2009}
}

@book{gramsci1991,
  address = {Hamburg},
  title = {Gef{\"a}ngnishefte. {{Bd}}. 2: {{Hefte}} 2-3},
  isbn = {978-3-88619-412-4},
  shorttitle = {Gef{\"a}ngnishefte},
  abstract = {Heft 2, 1929-1933
Heft 3, 1930},
  timestamp = {2016-04-01T12:55:48Z},
  publisher = {{Argument}},
  author = {Gramsci, Antonio},
  editor = {Haug, Wolfgang Fritz},
  year = {1991}
}

@incollection{hawthorne2014,
  edition = {Winter 2014},
  title = {Inductive {{Logic}}},
  abstract = {An inductive logic is a system of evidential support that extendsdeductive logic to less-than-certain inferences. For valid deductivearguments the premises logically entail the conclusion, wherethe entailment means that the truth of the premises provides aguarantee of the truth of the conclusion. Similarly, in a good inductive argument the premises should provide some degree of support for the conclusion, where such support means that the truth of the premises indicates with some degree of strength that the conclusion is true. Presumably, if the logic of good inductive arguments is to be of any real value, the measure of support it articulates should meet the following condition: ,   This article will focus on the kind of the approach to inductive logic most widely studied by philosophers and logicians in recent years. These logics employ conditional probability functions to  represent measures of the degree to which evidence statements support hypotheses. This kind of approach usually draws on Bayes' theorem, which is a theorem of probability theory, to articulate how the implications of hypotheses about evidence claims influences the degree to which hypotheses are supported  by those evidence claims. We will examine the extent to which this  kind of logic may pass muster as an adequate logic of evidential support, especially in regard to the testing of scientific hypotheses. In particular, we will see how such a logic may be shown to satisfy the Criterion of Adequacy., Sections 1 through 3 present all of the main ideas behind the probabilistic logic of evidential support. For most readers these three sections will suffice to provide an adequate understanding of the subject. Those readers who want to know more about how the logic applies when the implications of hypotheses about evidence claims (called likelihoods) are vague or imprecise may, after reading sections 1-3, skip down to section 6., Sections 4 and 5 are for the more advanced reader who wants a detailed  understanding of some telling results about how this logic may bring   about convergence to the truth. These results show that the Criterion of   Adequacy is indeed satisfied\textemdash{}that as evidence accumulates, false hypotheses will very probably come to have evidential support values (as measured by their posterior probabilities) that approach 0; and as this happens, a true hypothesis will very probably acquire evidential support values (as measured by their posterior probabilities) that approach 1.},
  timestamp = {2016-05-19T08:58:47Z},
  urldate = {2016-05-19},
  booktitle = {The {{Stanford Encyclopedia}} of {{Philosophy}}},
  author = {Hawthorne, James},
  editor = {Zalta, Edward N.},
  year = {2014},
  keywords = {Bayes' Theorem,epistemology: Bayesian,probability; interpretations of},
  file = {SEP - Snapshot:C\:\\Users\\Philipp Schweizer\\OneDrive\\zotero\\storage\\CNXQUX82\\logic-inductive.html:}
}

@book{gramsci1992a,
  address = {Hamburg},
  edition = {1},
  title = {Gef{\"a}ngnishefte. {{Bd}}. 3: {{Hefte}} 4-5},
  volume = {3},
  shorttitle = {Gef{\"a}ngnishefte {{Bd}}. 3},
  timestamp = {2016-04-01T12:47:38Z},
  publisher = {{Argument}},
  author = {Gramsci, Antonio},
  editor = {Bochmann, Klaus and Haug, Wolfgang Fritz},
  year = {1992}
}

@article{giere1973,
  title = {History and {{Philosophy}} of {{Science}}: {{Intimate Relationship}} or {{Marriage}} of {{Convenience}}?},
  volume = {24},
  issn = {0007-0882, 1464-3537},
  shorttitle = {Intimate {{Relationship}}},
  doi = {10.1093/bjps/24.3.282},
  language = {en},
  timestamp = {2016-05-03T15:36:51Z},
  number = {3},
  urldate = {2016-05-03},
  journal = {The British Journal for the Philosophy of Science},
  author = {Giere, Ronald N.},
  year = {1973},
  pages = {282--297},
  file = {Giere - 1973 - History and Philosophy of Science Intimate Relati.pdf:C\:\\Users\\Philipp Schweizer\\OneDrive\\zotero\\storage\\SBC23DH6\\Giere - 1973 - History and Philosophy of Science Intimate Relati.pdf:application/pdf}
}

@article{burian1977,
  title = {More than a {{Marriage}} of {{Convenience}}: {{On}} the {{Inextricability}} of {{History}} and {{Philosophy}} of {{Science}}},
  volume = {44},
  issn = {0031-8248},
  shorttitle = {More than a {{Marriage}} of {{Convenience}}},
  abstract = {History of science, it has been argued, has benefited philosophers of science primarily by forcing them into greater contact with "real science." In this paper I argue that additional major benefits arise from the importance of specifically historical considerations within philosophy of science. Loci for specifically historical investigations include: (1) making and evaluating rational reconstructions of particular theories and explanations, (2) estimating the degree of support earned by particular theories and theoretical claims, and (3) evaluating proposed philosophical norms for the evaluation of the degree of support for theories and the worth of explanations. More generally, I argue that theories develop and change structure with time, that (like biological species) they are historical entities. Accordingly, both the identification and the evaluation of theories are essentially historical in character.},
  timestamp = {2016-05-18T07:47:35Z},
  number = {1},
  urldate = {2016-05-18},
  journal = {Philosophy of Science},
  author = {Burian, Richard M.},
  year = {1977},
  keywords = {Feyerabend; Paul,Giere; Ronald N.,Hanson; Norwood Russell,historicism,history of science,Kuhn; Thomas,logicism,philosophy of science,wissenschaftsgeschichte,wissenschaftstheorie},
  pages = {1--42},
  file = {Burian - 1977 - More than a Marriage of Convenience On the Inextr.pdf:C\:\\Users\\Philipp Schweizer\\OneDrive\\zotero\\storage\\HDKKSFIH\\Burian - 1977 - More than a Marriage of Convenience On the Inextr.pdf:application/pdf}
}

@article{goehring2011,
  title = {{{IRONIC MODES}}, {{HAPPY ENDINGS}}:" {{FIGARO}}" {{CRITICISM AND THE ENLIGHTENED STAGE}}},
  shorttitle = {{{IRONIC MODES}}, {{HAPPY ENDINGS}}},
  timestamp = {2016-04-27T16:04:05Z},
  urldate = {2016-04-27},
  journal = {Saggiatore musicale},
  author = {Goehring, Edmund J.},
  year = {2011},
  pages = {27--72},
  file = {Snapshot:C\:\\Users\\Philipp Schweizer\\OneDrive\\zotero\\storage\\FJHDGNAR\\43030276.html:}
}

@incollection{cyrus2013,
  title = {Setting the {{Stage}}},
  timestamp = {2016-04-27T16:04:05Z},
  urldate = {2016-04-27},
  booktitle = {Received {{Medievalisms}}},
  publisher = {{Springer}},
  author = {Cyrus, Cynthia J.},
  year = {2013},
  pages = {1--16},
  file = {Snapshot:C\:\\Users\\Philipp Schweizer\\OneDrive\\zotero\\storage\\6KCX3IBB\\978-0-230-39358-5_1.html:}
}

@article{maler1998,
  title = {An {{Apocryphal Testament}}: {{Socialism}}, {{Utopian}} and {{Scientific}}},
  volume = {62},
  copyright = {Copyright \textcopyright{} 1998 S\&S Quarterly, Inc.},
  issn = {00368237},
  doi = {10.2307/40403686},
  timestamp = {2014-06-09T16:55:53Z},
  number = {1},
  journal = {Science \& Society},
  author = {Maler, Henri},
  month = apr,
  year = {1998},
  pages = {48--61}
}

@article{musgrave1974,
  title = {Logical versus {{Historical Theories}} of {{Confirmation}}},
  volume = {25},
  issn = {0007-0882},
  timestamp = {2016-05-22T17:55:36Z},
  number = {1},
  urldate = {2016-05-22},
  journal = {The British Journal for the Philosophy of Science},
  author = {Musgrave, Alan},
  year = {1974},
  pages = {1--23},
  file = {Musgrave - 1974 - Logical versus Historical Theories of Confirmation.pdf:C\:\\Users\\Philipp Schweizer\\OneDrive\\zotero\\storage\\RSNRG9QP\\Musgrave - 1974 - Logical versus Historical Theories of Confirmation.pdf:application/pdf}
}

@book{weissegger1803,
  title = {Historische {{Gem{\"a}lde}} oder biographische {{Schilderungen}} aller {{Herrscher}} und {{Prinzen}} des durchlauchtigsten {{Erzhauses Habsburg {\"O}streich}}: von {{Rudolph I}}., bis {{Maria Theresia}}},
  volume = {5},
  shorttitle = {Historische {{Gem{\"a}lde}} oder biographische {{Schilderungen}} aller {{Herrscher}} und {{Prinzen}} des durchlauchtigsten {{Erzhauses Habsburg {\"O}streich}}},
  timestamp = {2016-06-04T20:32:20Z},
  urldate = {2016-04-27},
  publisher = {{Dannheimer}},
  author = {Weissegger, Joseph Maria},
  year = {1803},
  file = {[HTML] from google.de:C\:\\Users\\Philipp Schweizer\\OneDrive\\zotero\\storage\\HSXFIR4M\\books.html:}
}

@comment{jabref-meta: groupsversion:3;}
@comment{jabref-meta: groupstree:
0 AllEntriesGroup:;
1 ExplicitGroup:HA Medientheorien\;0\;pickard2015\;hawley1980\;best199
9\;elliott1998\;gause2008\;neubert2001\;zotero-null-16\;mouffe1979\;ho
are1971\;simon\;mouffe1979a\;azzara2016\;langemeyer2009\;schwarzmantel
2015\;santucci2010\;anderson1979\;grampp2008\;ruchatz2008\;zotero-null
-29\;kellner2015\;baudrillard2008\;baudrillard1990\;andreucci1978\;bei
er1978\;raetzsch2009\;lenin1955\;lenin1955b\;marx1961\;mcluhan1964\;en
zensberger2008\;heck1974\;camargoheck2006\;engels1987\;poster2007\;gra
msci1992a\;bochmann1991\;gramsci1991\;gramsci1992\;gramsci1994\;gramsc
i1996\;gramsci1998\;lenin1975\;metscher2009\;debord1967\;lenin1955a\;l
enin1978\;schneider2006\;metscher2015\;;
1 ExplicitGroup:Hegemonie und schwaches Wissen\;0\;salamini1974\;cadie
ro-kaplan2004\;stoddart2007\;gordon1990\;settee2011\;dias1999\;lamy200
5\;adeleke2000\;green1993\;boyles2002\;sochor1981\;golding1992\;morera
1989\;welton1982\;undefined\;faulstich2011\;nieto-galan2011\;leggewie1
987\;wullweber2012\;;
1 ExplicitGroup:Kant über Vernunft und Wissenschaft\;0\;biedermann1983
\;carl1998\;eisler1930\;borzeszkowski1981\;eisler1972\;hoffe2004\;guye
r1992\;mohr1998\;ludwig1995\;guyer2010\;hoppe1998\;forster1998\;kant19
98\;willaschek2015\;sturm2015\;;
1 ExplicitGroup:Ngugi wa Thiong'o\;0\;wathiongo1993\;gikandi2002\;wath
iongo2009\;wathiongo1987\;glenn1981\;;
1 ExplicitGroup:Postmodernismus\;0\;zotero-null-126\;zotero-null-127\;
kerr2015\;zotero-null-129\;williams2016\;harel2016\;;
1 ExplicitGroup:Theorien der Rationalität\;0\;tversky1974\;cohen1981\;
cohen2008\;nisbett1980\;sloman1996\;murphy1985\;stich1985\;gigerenzer1
991\;gigerenzer2002a\;gigerenzer2002\;;
1 ExplicitGroup:von der Utopie zur Wissenschaft\;0\;osgood1886\;mendel
1966\;levins1968\;montgomery1994\;maler1998\;schafer1998\;;
1 ExplicitGroup:Weissegger\;0\;weissegger1803\;weissegger1791\;weisseg
ger1781\;weissegger1782\;weissegger1785\;weissegger1799\;kauffmann1994
\;robertson2007\;seidler1991\;goehring2011\;cyrus2013\;becker2010\;con
dillac1791\;;
1 ExplicitGroup:Wissenschaftstheorie und -geschichte\;0\;giere1973\;ha
nson1962\;cohen1976a\;cohen1976\;mcmullin1976\;burian1977\;pinnick2000
\;agassi2008a\;hawthorne2014\;musgrave1974\;zahar1973\;zahar1973a\;haw
thorne2005\;brush1974\;gooday2008\;maienschein2008\;kuhn1977\;kuhn1977
a\;radner1970\;feyerabend1970\;;
}

